@article{abrialMechanizationProofsClassical2021,
  author   = {Abrial, Jean-Raymond and Laffitte, G.},
  keywords = {Print,Read},
  month    = jun,
  title    = {Towards the Mechanization of the Proofs of Some Classical Theorems of Set Theory},
  year     = {2021}
}

@incollection{aczelTypeTheoreticInterpretation1978,
  author    = {Aczel, Peter},
  booktitle = {Studies in {{Logic}} and the {{Foundations}} of {{Mathematics}}},
  doi       = {10.1016/S0049-237X(08)71989-X},
  file      = {/home/sguillou/Zotero/storage/JSZV8ILW/Aczel - 1978 - The Type Theoretic Interpretation of Constructive .pdf},
  isbn      = {978-0-444-85178-9},
  langid    = {english},
  pages     = {55--66},
  publisher = {{Elsevier}},
  title     = {The {{Type Theoretic Interpretation}} of {{Constructive Set Theory}}},
  urldate   = {2021-06-14},
  volume    = {96},
  year      = {1978}
}

@book{ahoDesignAnalysisComputer1974,
  address   = {{USA}},
  author    = {Aho, Alfred V. and Hopcroft, John E.},
  edition   = {1st},
  isbn      = {978-0-201-00029-0},
  publisher = {{Addison-Wesley Longman Publishing Co., Inc.}},
  title     = {The {{Design}} and {{Analysis}} of {{Computer Algorithms}}},
  year      = {1974}
}

@book{AIGER2011,
  address    = {{Linz}},
  annotation = {Accession Number: AC16184715},
  copyright  = {cc-by\_4},
  doi        = {10.35011/fmvtr.2011-2},
  file       = {/home/sguillou/Zotero/storage/M6YJUPDA/2011 - AIGER 1.9 and beyond.pdf},
  keywords   = {AIGER,format description},
  langid     = {english},
  lccn       = {UL:TN:FM},
  number     = {11/2},
  publisher  = {{Johannes Kepler Universit\"at Linz, Institut f\"ur Formale Modelle und Verifikation}},
  series     = {{{FMV Technical Reports}}},
  title      = {{{AIGER}} 1.9 and Beyond},
  urldate    = {2022-10-13},
  year       = {2011}
}

@book{AIGERAndInverterGraph2007,
  address    = {{Linz}},
  annotation = {Accession Number: AC16184712},
  copyright  = {cc-by\_4},
  doi        = {10.35011/fmvtr.2007-1},
  file       = {/home/sguillou/Zotero/storage/VQHG9TRD/2007 - The AIGER And-Inverter Graph (AIG) Format Version .pdf},
  keywords   = {AIGER,format description},
  langid     = {english},
  lccn       = {UL:TN:FM},
  number     = {07/1},
  publisher  = {{Johannes Kepler Universit\"at Linz, Institut f\"ur Formale Modelle und Verifikation}},
  series     = {{{FMV Technical Reports}}},
  title      = {The {{AIGER And-Inverter Graph}} ({{AIG}}) {{Format Version}} 20071012},
  urldate    = {2022-10-13},
  year       = {2007}
}

@article{amaruEPFLCombinationalBenchmark2015,
  editor  = {Amar{\`u}, Luca and Gaillardon, Pierre-Emmanuel and De Micheli, Giovanni},
  journal = {Proceedings of the 24th International Workshop on Logic \& Synthesis (IWLS)},
  title   = {The {{EPFL Combinational Benchmark Suite}}},
  year    = {2015}
}

@book{andrewsIntroductionMathematicalLogic2002,
  address    = {{Dordrecht}},
  author     = {Andrews, Peter B.},
  doi        = {10.1007/978-94-015-9934-4},
  editor     = {Gabbay, Dov M. and Barwise, Jon},
  file       = {/home/sguillou/Zotero/storage/XH6FBES6/Andrews - 2002 - An Introduction to Mathematical Logic and Type The.pdf},
  isbn       = {978-90-481-6079-2 978-94-015-9934-4},
  langid     = {english},
  publisher  = {{Springer Netherlands}},
  series     = {Applied {{Logic Series}}},
  shorttitle = {An {{Introduction}} to {{Mathematical Logic}} and {{Type Theory}}},
  title      = {An {{Introduction}} to {{Mathematical Logic}} and {{Type Theory}}: {{To Truth Through Proof}}},
  urldate    = {2020-10-15},
  volume     = {27},
  year       = {2002}
}

@incollection{aptTheoryDeclarativeKnowledge1988,
  address   = {{San Francisco, CA, United States}},
  author    = {Apt, Krzysztof R. and Blair, Howard A. and Walker, Adrian},
  booktitle = {Foundations of {{Deductive Databases}} and {{Logic Programming}}},
  doi       = {10.1016/b978-0-934613-40-8.50006-3},
  editor    = {Minker, Jack},
  file      = {/home/sguillou/Zotero/storage/9Y5J4C2G/Apt et al. - 1988 - Towards a Theory of Declarative Knowledge.pdf},
  pages     = {89--148},
  publisher = {{Morgan Kaufmann}},
  title     = {Towards a {{Theory}} of {{Declarative Knowledge}}},
  year      = {1988}
}

@misc{ArchiveFormalProofs,
  file         = {/home/sguillou/Zotero/storage/6I27PLQW/www.isa-afp.org.html},
  howpublished = {https://www.isa-afp.org/},
  title        = {Archive of {{Formal Proofs}}},
  urldate      = {2022-05-10}
}

@inproceedings{arthanHOLConstantDefinition2014,
  address   = {{Cham}},
  author    = {Arthan, Rob},
  booktitle = {Interactive {{Theorem Proving}}},
  doi       = {10.1007/978-3-319-08970-6_34},
  editor    = {Klein, Gerwin and Gamboa, Ruben},
  file      = {/home/sguillou/Zotero/storage/Z4Y9PQ8D/Arthan - 2014 - HOL Constant Definition Done Right.pdf},
  isbn      = {978-3-319-08970-6},
  keywords  = {Free Variable,Logical Connective,Proof Tree,Type Instance,Type Variable},
  langid    = {english},
  pages     = {531--536},
  publisher = {{Springer International Publishing}},
  series    = {Lecture {{Notes}} in {{Computer Science}}},
  title     = {{{HOL Constant Definition Done Right}}},
  year      = {2014}
}

@article{arvindN2AlgorithmSatisfiability1987,
  author   = {Arvind, V. and Biswas, S.},
  doi      = {10.1016/0020-0190(87)90200-6},
  file     = {/home/sguillou/Zotero/storage/E6THQ9JQ/Arvind and Biswas - 1987 - An O(n2) algorithm for the satisfiability problem .pdf;/home/sguillou/Zotero/storage/8GIGLMK5/0020019087902006.html},
  issn     = {0020-0190},
  journal  = {Information Processing Letters},
  keywords = {Satisfiability problem},
  langid   = {english},
  month    = jan,
  number   = {1},
  pages    = {67--69},
  title    = {An {{O}}(N2) Algorithm for the Satisfiability Problem of a Subset of Propositional Sentences in {{CNF}} That Includes All Horn Sentences},
  urldate  = {2023-06-07},
  volume   = {24},
  year     = {1987}
}

@misc{austinChallengesImplementingLCFStyle2015,
  author       = {Austin, Evan and Alexander, P.},
  file         = {/home/sguillou/Zotero/storage/7LE293NF/e2f0b6e96878bc83ecce2c610a6acffcc42a1dff.html},
  howpublished = {https://www.semanticscholar.org/paper/Challenges-Implementing-an-LCF-Style-Proof-System-Austin-Alexander/e2f0b6e96878bc83ecce2c610a6acffcc42a1dff},
  langid       = {english},
  title        = {Challenges {{Implementing}} an {{LCF-Style Proof System}} with {{Haskell}}},
  urldate      = {2022-06-20},
  year         = {2015}
}

@article{avigadTheoremProvingLean,
  author = {Avigad, Jeremy},
  file   = {/home/sguillou/Zotero/storage/6J4XVC4A/Avigad - Theorem Proving in Lean.pdf},
  pages  = {173},
  title  = {Theorem {{Proving}} in {{Lean}}}
}

@article{aygunProvingTheoremsUsing2021,
  archiveprefix = {arxiv},
  author        = {Ayg{\"u}n, Eser and Orseau, Laurent and Anand, Ankit and Glorot, Xavier and Firoiu, Vlad and Zhang, Lei M. and Precup, Doina and Mourad, Shibl},
  eprint        = {2112.10664},
  file          = {/home/sguillou/Zotero/storage/3GSZDR9Q/Ayg√ºn et al. - 2021 - Proving Theorems using Incremental Learning and Hi.pdf;/home/sguillou/Zotero/storage/78BMFYQD/2112.html},
  journal       = {arXiv:2112.10664 [cs]},
  keywords      = {Computer Science - Artificial Intelligence,Computer Science - Logic in Computer Science,I.2.3},
  month         = dec,
  primaryclass  = {cs},
  title         = {Proving {{Theorems}} Using {{Incremental Learning}} and {{Hindsight Experience Replay}}},
  urldate       = {2022-05-05},
  year          = {2021}
}

@book{baaderTermRewritingAll1998,
  address   = {{Cambridge}},
  author    = {Baader, Franz and Nipkow, Tobias},
  doi       = {10.1017/CBO9781139172752},
  file      = {/home/sguillou/Zotero/storage/BP642VYS/Baader and Nipkow - 1998 - Term Rewriting and All That.pdf;/home/sguillou/Zotero/storage/SGRIHIBJ/71768055278D0DEF4FFC74722DE0D707.html},
  isbn      = {978-0-521-77920-3},
  publisher = {{Cambridge University Press}},
  title     = {Term {{Rewriting}} and {{All That}}},
  urldate   = {2021-09-13},
  year      = {1998}
}

@article{bakerCONSShouldNot1992,
  author  = {Baker, Henry G.},
  doi     = {10.1145/130854.130858},
  issn    = {0362-1340},
  journal = {ACM SIGPLAN Notices},
  month   = mar,
  number  = {3},
  pages   = {24--34},
  title   = {{{CONS}} Should Not {{CONS}} Its Arguments, or, a Lazy Alloc Is a Smart Alloc},
  urldate = {2021-05-31},
  volume  = {27},
  year    = {1992}
}

@incollection{barbosaCvc5VersatileIndustrialStrength2022,
  address    = {{Cham}},
  author     = {Barbosa, Haniel and Barrett, Clark and Brain, Martin and Kremer, Gereon and Lachnitt, Hanna and Mann, Makai and Mohamed, Abdalrhman and Mohamed, Mudathir and Niemetz, Aina and N{\"o}tzli, Andres and Ozdemir, Alex and Preiner, Mathias and Reynolds, Andrew and Sheng, Ying and Tinelli, Cesare and Zohar, Yoni},
  booktitle  = {Tools and {{Algorithms}} for the {{Construction}} and {{Analysis}} of {{Systems}}},
  doi        = {10.1007/978-3-030-99524-9_24},
  editor     = {Fisman, Dana and Rosu, Grigore},
  file       = {/home/sguillou/Zotero/storage/3FB7GWIW/Barbosa et al. - 2022 - cvc5 A Versatile and Industrial-Strength SMT Solv.pdf},
  isbn       = {978-3-030-99523-2 978-3-030-99524-9},
  langid     = {english},
  pages      = {415--442},
  publisher  = {{Springer International Publishing}},
  shorttitle = {Cvc5},
  title      = {Cvc5: {{A Versatile}} and {{Industrial-Strength SMT Solver}}},
  urldate    = {2022-05-09},
  volume     = {13243},
  year       = {2022}
}

@article{barendregtLambdaCalculiTypes2000,
  author   = {Barendregt, Henk and Abramsky, S. and Gabbay, D. and Maibaum, T. and Barendregt, Henk (Hendrik)},
  file     = {/home/sguillou/Zotero/storage/SXVI9ZTK/Barendregt et al. - 2000 - Lambda Calculi with Types.pdf},
  keywords = {Read},
  month    = oct,
  title    = {Lambda {{Calculi}} with {{Types}}},
  year     = {2000}
}

@inproceedings{barrettCVC42011,
  address   = {{Berlin, Heidelberg}},
  author    = {Barrett, Clark and Conway, Christopher L. and Deters, Morgan and Hadarean, Liana and Jovanovi{\'c}, Dejan and King, Tim and Reynolds, Andrew and Tinelli, Cesare},
  booktitle = {Computer {{Aided Verification}}},
  doi       = {10.1007/978-3-642-22110-1_14},
  editor    = {Gopalakrishnan, Ganesh and Qadeer, Shaz},
  file      = {/home/sguillou/Zotero/storage/LD79NNTU/Barrett et al. - 2011 - CVC4.pdf},
  isbn      = {978-3-642-22110-1},
  keywords  = {Decision Procedure,Node Data,Node Manager,Node Object,Proof Rule},
  langid    = {english},
  pages     = {171--177},
  publisher = {{Springer}},
  series    = {Lecture {{Notes}} in {{Computer Science}}},
  title     = {{{CVC4}}},
  year      = {2011}
}

@inproceedings{bartheIntroductionDependentType2002,
  address   = {{Berlin, Heidelberg}},
  author    = {Barthe, Gilles and Coquand, Thierry},
  booktitle = {Applied {{Semantics}}},
  doi       = {10.1007/3-540-45699-6_1},
  editor    = {Barthe, Gilles and Dybjer, Peter and Pinto, Lu{\'i}s and Saraiva, Jo{\~a}o},
  file      = {/home/sguillou/Zotero/storage/JYVXR8YZ/Barthe and Coquand - 2002 - An Introduction to Dependent Type Theory.pdf},
  isbn      = {978-3-540-45699-5},
  keywords  = {Dependent Type,Functional Programming,Print,Type System,Type Theory,Typing Rule},
  langid    = {english},
  pages     = {1--41},
  publisher = {{Springer}},
  series    = {Lecture {{Notes}} in {{Computer Science}}},
  title     = {An {{Introduction}} to {{Dependent Type Theory}}},
  year      = {2002}
}

@article{basinCombiningWS1SHOL2001,
  author   = {Basin, David and Friedrich, Stefan},
  keywords = {Print,Read},
  month    = jul,
  title    = {Combining {{WS1S}} and {{HOL}}},
  year     = {2001}
}

@article{basinTermEqualityProblem1994a,
  author  = {Basin, David A.},
  doi     = {10.1016/0020-0190(94)00084-0},
  file    = {/home/sguillou/Zotero/storage/94MICTHB/Basin - 1994 - A term equality problem equivalent to graph isomor.pdf},
  issn    = {00200190},
  journal = {Information Processing Letters},
  langid  = {english},
  month   = jul,
  number  = {2},
  pages   = {61--66},
  title   = {A Term Equality Problem Equivalent to Graph Isomorphism},
  urldate = {2021-09-13},
  volume  = {51},
  year    = {1994}
}

@article{bauerFiveStagesAccepting2016,
  author   = {Bauer, Andrej},
  doi      = {10.1090/bull/1556},
  file     = {/home/sguillou/Zotero/storage/5982DKNU/Bauer - 2016 - Five stages of accepting constructive mathematics.pdf},
  issn     = {0273-0979, 1088-9485},
  journal  = {Bulletin of the American Mathematical Society},
  keywords = {Read},
  langid   = {english},
  month    = oct,
  number   = {3},
  pages    = {481--498},
  title    = {Five Stages of Accepting Constructive Mathematics},
  urldate  = {2020-09-17},
  volume   = {54},
  year     = {2016}
}

@inproceedings{bellOrthologicForcingManifestation1983,
  address   = {{Singapore}},
  author    = {Bell, J. L.},
  booktitle = {Studies in {{Logic}} and the {{Foundations}} of {{Mathematics}}},
  doi       = {10.1016/S0049-237X(08)70953-4},
  editor    = {Chong, C. -T. and Wicks, M. J.},
  file      = {/home/sguillou/Zotero/storage/2XMCKBT5/S0049237X08709534.html},
  langid    = {english},
  month     = jan,
  pages     = {13--36},
  publisher = {{Elsevier}},
  series    = {Studies in {{Logic}} and the {{Foundations}} of {{Mathematics}}},
  title     = {Orthologic, {{Forcing}}, and {{The Manifestation}} of {{Attributes}}},
  urldate   = {2023-06-23},
  volume    = {111},
  year      = {1983}
}

@inproceedings{benkeEfficientTypeReconstruction1993,
  address   = {{Berlin, Heidelberg}},
  author    = {Benke, Marcin},
  booktitle = {Mathematical {{Foundations}} of {{Computer Science}} 1993},
  doi       = {10.1007/3-540-57182-5_19},
  editor    = {Borzyszkowski, Andrzej M. and Soko{\l}owski, Stefan},
  isbn      = {978-3-540-47927-7},
  keywords  = {Absolute Retract,Deduction System,Needed,Polynomial Time,Type Inference,Type Reconstruction},
  langid    = {english},
  pages     = {272--280},
  publisher = {{Springer}},
  series    = {Lecture {{Notes}} in {{Computer Science}}},
  title     = {Efficient Type Reconstruction in the Presence of Inheritance},
  year      = {1993}
}

@article{benkeLogicalApproachComplexity,
  author   = {Benke, Marcin},
  file     = {/home/sguillou/Zotero/storage/U3DUFVFG/Benke - A Logical Approach to Complexity Bounds for Subtyp.pdf},
  keywords = {Needed},
  langid   = {english},
  pages    = {10},
  title    = {A {{Logical Approach}} to {{Complexity Bounds}} for {{Subtype Inequalities}}}
}

@inproceedings{bentkampSuperpositionFullHigherorder2021,
  author    = {Bentkamp, Alexander and Blanchette, Jasmin and Tourret, Sophie and Vukmirovic, Petar},
  booktitle = {Automated {{Deduction}} - {{CADE}} 28 - 28th {{International Conference}} on {{Automated Deduction}}, {{Virtual Event}}, {{July}} 12-15, 2021, {{Proceedings}}},
  doi       = {10.1007/978-3-030-79876-5_23},
  editor    = {Platzer, Andr{\'e} and Sutcliffe, Geoff},
  file      = {/home/sguillou/Zotero/storage/Q7EMM7I9/Bentkamp et al. - 2021 - Superposition for Full Higher-order Logic.pdf},
  pages     = {396--412},
  publisher = {{Springer}},
  series    = {Lecture {{Notes}} in {{Computer Science}}},
  title     = {Superposition for {{Full Higher-order Logic}}},
  urldate   = {2021-09-29},
  volume    = {12699},
  year      = {2021}
}

@book{bertotInteractiveTheoremProving2004,
  address    = {{Berlin Heidelberg}},
  author     = {Bertot, Yves and Cast{\'e}ran, Pierre},
  doi        = {10.1007/978-3-662-07964-5},
  file       = {/home/sguillou/Zotero/storage/QWHUA3UH/9783540208549.html},
  isbn       = {978-3-540-20854-9},
  langid     = {english},
  publisher  = {{Springer-Verlag}},
  series     = {Texts in {{Theoretical Computer Science}}. {{An EATCS Series}}},
  shorttitle = {Interactive {{Theorem Proving}} and {{Program Development}}},
  title      = {Interactive {{Theorem Proving}} and {{Program Development}}: {{Coq}}'{{Art}}: {{The Calculus}} of {{Inductive Constructions}}},
  urldate    = {2021-06-22},
  year       = {2004}
}

@misc{BetterTogetherUnifying,
  file         = {/home/sguillou/Zotero/storage/59FL9BXX/3591239.html},
  howpublished = {https://dl.acm.org/doi/10.1145/3591239},
  title        = {Better {{Together}}: {{Unifying Datalog}} and {{Equality Saturation}} | {{Proceedings}} of the {{ACM}} on {{Programming Languages}}},
  urldate      = {2023-06-29}
}

@book{bezhanishviliLecturesLogicComputation2012,
  address    = {{Berlin, Heidelberg}},
  doi        = {10.1007/978-3-642-31485-8},
  editor     = {Bezhanishvili, Nick and Goranko, Valentin},
  file       = {/home/sguillou/Zotero/storage/83JPBVXF/Bezhanishvili and Goranko - 2012 - Lectures on Logic and Computation ESSLLI 2010 Cop.pdf},
  isbn       = {978-3-642-31484-1 978-3-642-31485-8},
  keywords   = {Print,Read},
  langid     = {english},
  publisher  = {{Springer Berlin Heidelberg}},
  series     = {Lecture {{Notes}} in {{Computer Science}}},
  shorttitle = {Lectures on {{Logic}} and {{Computation}}},
  title      = {Lectures on {{Logic}} and {{Computation}}: {{ESSLLI}} 2010 {{Copenhagen}}, {{Denmark}}, {{August}} 2010, {{ESSLLI}} 2011, {{Ljubljana}}, {{Slovenia}}, {{August}} 2011, {{Selected Lecture Notes}}},
  urldate    = {2020-09-17},
  volume     = {7388},
  year       = {2012}
}

@misc{BibliographyManagementLaTeX,
  file         = {/home/sguillou/Zotero/storage/UY2P8DLA/Bibliography_management_in_LaTeX.html},
  howpublished = {https://fr.overleaf.com/learn/latex/Bibliography\_management\_in\_LaTeX},
  langid       = {french},
  title        = {{Bibliography management in LaTeX}},
  urldate      = {2021-10-29}
}

@article{biereAIGER2011,
  author    = {Biere, Armin and Heljanko, Keijo and Wieringa, Siert},
  doi       = {10.35011/FMVTR.2011-2},
  file      = {/home/sguillou/Zotero/storage/DU3LP5DG/Biere et al. - 2011 - AIGER 1.9 and beyond.pdf},
  langid    = {english},
  publisher = {{Institut for Formal Models and Verification, Johannes Kepler University}},
  title     = {{{AIGER}} 1.9 and Beyond},
  urldate   = {2022-10-12},
  year      = {2011}
}

@book{biereAIGER2011a,
  address    = {{Linz}},
  annotation = {Accession Number: AC16184715},
  author     = {Biere, Armin and Heljanko, Keijo and Wieringa, Siert},
  copyright  = {cc-by\_4},
  doi        = {10.35011/fmvtr.2011-2},
  file       = {/home/sguillou/Zotero/storage/AH7EBKZ4/2011 - AIGER 1.9 and beyond.pdf},
  keywords   = {AIGER,format description},
  langid     = {english},
  lccn       = {UL:TN:FM},
  number     = {11/2},
  publisher  = {{Johannes Kepler Universit\"at Linz, Institut f\"ur Formale Modelle und Verifikation}},
  series     = {{{FMV Technical Reports}}},
  title      = {{{AIGER}} 1.9 and Beyond},
  urldate    = {2022-10-13},
  year       = {2011}
}

@article{biereAIGERAndInverterGraph2007,
  author    = {Biere, Armin},
  doi       = {10.35011/FMVTR.2007-1},
  file      = {/home/sguillou/Zotero/storage/ETF67RSD/Biere - 2007 - The AIGER And-Inverter Graph (AIG) Format Version .pdf},
  langid    = {english},
  publisher = {{Institut for Formal Models and Verification, Johannes Kepler University}},
  title     = {The {{AIGER And-Inverter Graph}} ({{AIG}}) {{Format Version}} 20071012},
  urldate   = {2022-10-12},
  year      = {2007}
}

@inproceedings{bierePreprocessingInprocessingTechniques2012,
  address   = {{Berlin, Heidelberg}},
  author    = {Biere, Armin},
  booktitle = {Hardware and {{Software}}: {{Verification}} and {{Testing}}},
  doi       = {10.1007/978-3-642-34188-5_1},
  editor    = {Eder, Kerstin and Louren{\c c}o, Jo{\~a}o and Shehory, Onn},
  file      = {/home/sguillou/Zotero/storage/ALM2LNXJ/Biere - 2012 - Preprocessing and Inprocessing Techniques in SAT.pdf},
  isbn      = {978-3-642-34188-5},
  langid    = {english},
  pages     = {1--1},
  publisher = {{Springer}},
  series    = {Lecture {{Notes}} in {{Computer Science}}},
  title     = {Preprocessing and {{Inprocessing Techniques}} in {{SAT}}},
  year      = {2012}
}

@article{birkhoffLogicQuantumMechanics1936,
  author     = {Birkhoff, Garrett and Von Neumann, John},
  doi        = {10.2307/1968621},
  eprint     = {1968621},
  eprinttype = {jstor},
  file       = {/home/sguillou/Zotero/storage/CSB9262L/Birkhoff et Von Neumann - 1936 - The Logic of Quantum Mechanics.pdf},
  issn       = {0003-486X},
  journal    = {Annals of Mathematics},
  number     = {4},
  pages      = {823--843},
  publisher  = {{Annals of Mathematics}},
  title      = {The {{Logic}} of {{Quantum Mechanics}}},
  urldate    = {2023-06-13},
  volume     = {37},
  year       = {1936}
}

@article{birkhoffLogicQuantumMechanics1936a,
  author     = {Birkhoff, Garrett and Von Neumann, John},
  doi        = {10.2307/1968621},
  eprint     = {1968621},
  eprinttype = {jstor},
  file       = {/home/sguillou/Zotero/storage/U3CI5KEG/Birkhoff and Von Neumann - 1936 - The Logic of Quantum Mechanics.pdf},
  issn       = {0003-486X},
  journal    = {Annals of Mathematics},
  number     = {4},
  pages      = {823--843},
  publisher  = {{Annals of Mathematics}},
  title      = {The {{Logic}} of {{Quantum Mechanics}}},
  urldate    = {2023-06-23},
  volume     = {37},
  year       = {1936}
}

@incollection{blanchetteTrulyModularCo2014,
  address   = {{Cham}},
  author    = {Blanchette, Jasmin Christian and H{\"o}lzl, Johannes and Lochbihler, Andreas and Panny, Lorenz and Popescu, Andrei and Traytel, Dmitriy},
  booktitle = {Interactive {{Theorem Proving}}},
  doi       = {10.1007/978-3-319-08970-6_7},
  editor    = {Hutchison, David and Kanade, Takeo and Kittler, Josef and Kleinberg, Jon M. and Kobsa, Alfred and Mattern, Friedemann and Mitchell, John C. and Naor, Moni and Nierstrasz, Oscar and Pandu Rangan, C. and Steffen, Bernhard and Terzopoulos, Demetri and Tygar, Doug and Weikum, Gerhard and Klein, Gerwin and Gamboa, Ruben},
  file      = {/home/sguillou/Zotero/storage/SQ9ARKIP/Blanchette et al. - 2014 - Truly Modular (Co)datatypes for IsabelleHOL.pdf},
  isbn      = {978-3-319-08969-0 978-3-319-08970-6},
  keywords  = {Read},
  langid    = {english},
  pages     = {93--110},
  publisher = {{Springer International Publishing}},
  title     = {Truly {{Modular}} ({{Co}})Datatypes for {{Isabelle}}/{{HOL}}},
  urldate   = {2022-03-20},
  volume    = {8558},
  year      = {2014}
}

@article{blanquiEncodingTypeUniverses,
  author = {Blanqui, Frederic},
  file   = {/home/sguillou/Zotero/storage/6HD6G5ID/Blanqui - Encoding type universes without using matching mod.pdf},
  langid = {english},
  pages  = {15},
  title  = {Encoding Type Universes without Using Matching modulo {{AC}}}
}

@article{bonzioNoteOrthomodularLattices2017,
  author  = {Bonzio, Stefano and Chajda, Ivan},
  doi     = {10.1007/s10773-016-3258-6},
  file    = {/home/sguillou/Zotero/storage/CVI9XTPX/Bonzio and Chajda - 2017 - A Note on Orthomodular Lattices.pdf},
  journal = {International Journal of Theoretical Physics},
  month   = dec,
  title   = {A {{Note}} on {{Orthomodular Lattices}}},
  volume  = {56},
  year    = {2017}
}

@article{borosRecognitionQHornFormulae1994,
  author  = {Boros, Endre and Hammer, Peter L. and Sun, Xiaorong},
  doi     = {10.1016/0166-218X(94)90033-7},
  file    = {/home/sguillou/Zotero/storage/2QV7PSBN/Boros et al. - 1994 - Recognition of q-Horn formulae in linear time.pdf;/home/sguillou/Zotero/storage/IDBRFKPG/0166218X94900337.html},
  issn    = {0166-218X},
  journal = {Discrete Applied Mathematics},
  langid  = {english},
  month   = oct,
  number  = {1},
  pages   = {1--13},
  title   = {Recognition of Q-{{Horn}} Formulae in Linear Time},
  urldate = {2023-06-12},
  volume  = {55},
  year    = {1994}
}

@incollection{boudetACunificationHigherorderPatterns1997,
  address   = {{Berlin, Heidelberg}},
  author    = {Boudet, Alexandre and Contejean, Evelyne},
  booktitle = {Principles and {{Practice}} of {{Constraint Programming-CP97}}},
  doi       = {10.1007/BFb0017445},
  editor    = {Goos, Gerhard and Hartmanis, Juris and {van Leeuwen}, Jan and Smolka, Gert},
  file      = {/home/sguillou/Zotero/storage/KJBHREIU/Boudet et Contejean - 1997 - AC-unification of higher-order patterns.pdf},
  isbn      = {978-3-540-63753-0 978-3-540-69642-1},
  langid    = {english},
  pages     = {267--281},
  publisher = {{Springer Berlin Heidelberg}},
  title     = {{{AC-unification}} of Higher-Order Patterns},
  urldate   = {2021-05-06},
  volume    = {1330},
  year      = {1997}
}

@inproceedings{bradleySATBasedModelChecking2011,
  address   = {{Berlin, Heidelberg}},
  author    = {Bradley, Aaron R.},
  booktitle = {Verification, {{Model Checking}}, and {{Abstract Interpretation}}},
  doi       = {10.1007/978-3-642-18275-4_7},
  editor    = {Jhala, Ranjit and Schmidt, David},
  file      = {/home/sguillou/Zotero/storage/QH2G2FW7/Bradley - 2011 - SAT-Based Model Checking without Unrolling.pdf},
  isbn      = {978-3-642-18275-4},
  keywords  = {Inductive Generalization,Model Check,Safety Property,Symbolic Model Check,Transition Relation},
  langid    = {english},
  pages     = {70--87},
  publisher = {{Springer}},
  series    = {Lecture {{Notes}} in {{Computer Science}}},
  title     = {{{SAT-Based Model Checking}} without {{Unrolling}}},
  year      = {2011}
}

@incollection{braibantTacticsReasoningModulo2011,
  address   = {{Berlin, Heidelberg}},
  author    = {Braibant, Thomas and Pous, Damien},
  booktitle = {Certified {{Programs}} and {{Proofs}}},
  doi       = {10.1007/978-3-642-25379-9_14},
  editor    = {Jouannaud, Jean-Pierre and Shao, Zhong},
  file      = {/home/sguillou/Zotero/storage/WPN6E49K/Braibant et Pous - 2011 - Tactics for Reasoning Modulo AC in Coq.pdf},
  isbn      = {978-3-642-25378-2 978-3-642-25379-9},
  langid    = {english},
  pages     = {167--182},
  publisher = {{Springer Berlin Heidelberg}},
  title     = {Tactics for {{Reasoning Modulo AC}} in {{Coq}}},
  urldate   = {2021-05-06},
  volume    = {7086},
  year      = {2011}
}

@inproceedings{brownHigherOrderTarskiGrothendieck2019,
  author    = {Brown, Chad E. and Kaliszyk, C. and Pak, Karol},
  booktitle = {{{ITP}}},
  doi       = {10.4230/LIPIcs.ITP.2019.9},
  title     = {Higher-{{Order Tarski Grothendieck}} as a {{Foundation}} for {{Formal Proof}}},
  year      = {2019}
}

@inproceedings{brownSatallaxAutomaticHigherOrder2012,
  address    = {{Berlin, Heidelberg}},
  author     = {Brown, Chad E.},
  booktitle  = {Automated {{Reasoning}}},
  doi        = {10.1007/978-3-642-31365-3_11},
  editor     = {Gramlich, Bernhard and Miller, Dale and Sattler, Uli},
  file       = {/home/sguillou/Zotero/storage/N6FKDN44/Brown - 2012 - Satallax An Automatic Higher-Order Prover.pdf},
  isbn       = {978-3-642-31365-3},
  keywords   = {higher-order logic,higher-order theorem proving,simple type theory},
  langid     = {english},
  pages      = {111--117},
  publisher  = {{Springer}},
  series     = {Lecture {{Notes}} in {{Computer Science}}},
  shorttitle = {Satallax},
  title      = {Satallax: {{An Automatic Higher-Order Prover}}},
  year       = {2012}
}

@article{brunsFreeOrtholattices1976,
  author    = {Bruns, G{\"u}nter},
  doi       = {10.4153/CJM-1976-095-6},
  file      = {/home/sguillou/Zotero/storage/DTIXXI63/Bruns - 1976 - Free Ortholattices.pdf;/home/sguillou/Zotero/storage/JZWYSGIC/6BD405B268BCDD7B8CE75706F04A6084.html},
  issn      = {0008-414X, 1496-4279},
  journal   = {Canadian Journal of Mathematics},
  langid    = {english},
  month     = oct,
  number    = {5},
  pages     = {977--985},
  publisher = {{Cambridge University Press}},
  title     = {Free {{Ortholattices}}},
  urldate   = {2021-09-23},
  volume    = {28},
  year      = {1976}
}

@inproceedings{brunsModelCheckingMultivalued2004,
  address   = {{Berlin, Heidelberg}},
  author    = {Bruns, Glenn and Godefroid, Patrice},
  booktitle = {Automata, {{Languages}} and {{Programming}}},
  doi       = {10.1007/978-3-540-27836-8_26},
  editor    = {D{\'i}az, Josep and Karhum{\"a}ki, Juhani and Lepist{\"o}, Arto and Sannella, Donald},
  file      = {/home/sguillou/Zotero/storage/YFPWF7JY/Bruns and Godefroid - 2004 - Model Checking with Multi-valued Logics.pdf},
  isbn      = {978-3-540-27836-8},
  keywords  = {Atomic Proposition,Distributive Lattice,Lattice Element,Model Check,Temporal Logic},
  langid    = {english},
  pages     = {281--293},
  publisher = {{Springer}},
  series    = {Lecture {{Notes}} in {{Computer Science}}},
  title     = {Model {{Checking}} with {{Multi-valued Logics}}},
  year      = {2004}
}

@inproceedings{bruttomessoOpenSMTSolver2010,
  address   = {{Berlin, Heidelberg}},
  author    = {Bruttomesso, Roberto and Pek, Edgar and Sharygina, Natasha and Tsitovich, Aliaksei},
  booktitle = {Proceedings of the 16th International Conference on {{Tools}} and {{Algorithms}} for the {{Construction}} and {{Analysis}} of {{Systems}}},
  doi       = {10.1007/978-3-642-12002-2_12},
  file      = {/home/sguillou/Zotero/storage/PCMCEZS3/Bruttomesso et al. - 2010 - The OpenSMT solver.pdf},
  isbn      = {978-3-642-12001-5},
  month     = mar,
  pages     = {150--153},
  publisher = {{Springer-Verlag}},
  series    = {{{TACAS}}'10},
  title     = {The {{OpenSMT}} Solver},
  urldate   = {2021-09-29},
  year      = {2010}
}

@incollection{bruttomessoOpenSMTSolver2010a,
  address   = {{Berlin, Heidelberg}},
  author    = {Bruttomesso, Roberto and Pek, Edgar and Sharygina, Natasha and Tsitovich, Aliaksei},
  booktitle = {Tools and {{Algorithms}} for the {{Construction}} and {{Analysis}} of {{Systems}}},
  doi       = {10.1007/978-3-642-12002-2_12},
  editor    = {Hutchison, David and Kanade, Takeo and Kittler, Josef and Kleinberg, Jon M. and Mattern, Friedemann and Mitchell, John C. and Naor, Moni and Nierstrasz, Oscar and Pandu Rangan, C. and Steffen, Bernhard and Sudan, Madhu and Terzopoulos, Demetri and Tygar, Doug and Vardi, Moshe Y. and Weikum, Gerhard and Esparza, Javier and Majumdar, Rupak},
  file      = {/home/sguillou/Zotero/storage/4T69IYGD/Bruttomesso et al. - 2010 - The OpenSMT Solver.pdf},
  isbn      = {978-3-642-12001-5 978-3-642-12002-2},
  langid    = {english},
  pages     = {150--153},
  publisher = {{Springer Berlin Heidelberg}},
  title     = {The {{OpenSMT Solver}}},
  urldate   = {2021-10-01},
  volume    = {6015},
  year      = {2010}
}

@inproceedings{brzozowskiMorganBisemilattices2000,
  author    = {Brzozowski, J.A.},
  booktitle = {Proceedings 30th {{IEEE International Symposium}} on {{Multiple-Valued Logic}} ({{ISMVL}} 2000)},
  doi       = {10.1109/ISMVL.2000.848616},
  file      = {/home/sguillou/Zotero/storage/JXPNKLW3/Brzozowski - 2000 - de Morgan bisemilattices.pdf;/home/sguillou/Zotero/storage/ET9M8XWZ/848616.html},
  issn      = {0195-623X},
  keywords  = {Absorption,Algebra,Circuit simulation,Computer science,Digital circuits,Inverters,Logic circuits},
  month     = may,
  pages     = {173--178},
  title     = {De {{Morgan}} Bisemilattices},
  year      = {2000}
}

@incollection{bussAlogtimeAlgorithmsTree1997,
  address   = {{Berlin, Heidelberg}},
  author    = {Buss, Samuel R.},
  booktitle = {Computational {{Logic}} and {{Proof Theory}}},
  doi       = {10.1007/3-540-63385-5_30},
  editor    = {Goos, Gerhard and Hartmanis, Juris and Leeuwen, Jan and Gottlob, Georg and Leitsch, Alexander and Mundici, Daniele},
  file      = {/home/sguillou/Zotero/storage/28UMFXDK/Buss - 1997 - Alogtime algorithms for tree isomorphism, comparis.pdf},
  isbn      = {978-3-540-63385-3 978-3-540-69806-7},
  langid    = {english},
  pages     = {18--33},
  publisher = {{Springer Berlin Heidelberg}},
  title     = {Alogtime Algorithms for Tree Isomorphism, Comparison, and Canonization},
  urldate   = {2021-05-06},
  volume    = {1289},
  year      = {1997}
}

@incollection{bussChapterIntroductionProof1998,
  author    = {Buss, Samuel R.},
  booktitle = {Studies in {{Logic}} and the {{Foundations}} of {{Mathematics}}},
  doi       = {10.1016/S0049-237X(98)80016-5},
  editor    = {Buss, Samuel R.},
  file      = {/home/sguillou/Zotero/storage/ESA6QW2A/Buss - 1998 - Chapter I - An Introduction to Proof Theory.pdf;/home/sguillou/Zotero/storage/ZB7IS2K3/S0049237X98800165.html},
  langid    = {english},
  month     = jan,
  pages     = {1--78},
  publisher = {{Elsevier}},
  series    = {Handbook of {{Proof Theory}}},
  title     = {Chapter {{I}} - {{An Introduction}} to {{Proof Theory}}},
  urldate   = {2023-03-25},
  volume    = {137},
  year      = {1998}
}

@book{bussHandbookProofTheory1998,
  author    = {Buss, Samuel R.},
  file      = {/home/sguillou/Zotero/storage/3EM7XZPT/Buss - 1998 - Handbook of Proof Theory.pdf;/home/sguillou/Zotero/storage/GH89ULP6/BUSHOP.html},
  publisher = {{Elsevier}},
  title     = {Handbook of {{Proof Theory}}},
  year      = {1998}
}

@misc{buzzardLeanPerfectoidSpaces,
  author       = {Buzzard, Kevin and Commelin, Johan and Massot, Patrick},
  file         = {/home/sguillou/Zotero/storage/74V7LUCU/lean-perfectoid-spaces.html},
  howpublished = {https://leanprover-community.github.io/lean-perfectoid-spaces/},
  title        = {Lean Perfectoid Spaces},
  urldate      = {2021-06-23}
}

@article{caminatimarcobright;sapienza-universitadiromaBasicFirstorderModel2010,
  author    = {{Caminati, Marco Bright; Sapienza-Universit{\`a} Di Roma}},
  doi       = {10.6092/ISSN.1972-5787/1974},
  journal   = {Journal of Formalized Reasoning; Vol 3},
  pages     = {No 1 (2010); 4977},
  publisher = {{Journal of Formalized ReasoningJournal of Formalized Reasoning}},
  title     = {Basic First-Order Model Theory in {{Mizar}}},
  urldate   = {2023-04-22},
  year      = {2010}
}

@misc{caminatiSimplifiedFrameworkFirstorder2012,
  archiveprefix = {arxiv},
  author        = {Caminati, Marco B.},
  eprint        = {1205.4316},
  file          = {/home/sguillou/Zotero/storage/QI476R9T/Caminati - 2012 - A simplified framework for first-order languages a.pdf},
  keywords      = {{03C07, 97N80, 03B70},Computer Science - Logic in Computer Science,Mathematics - Logic},
  langid        = {english},
  month         = may,
  number        = {arXiv:1205.4316},
  primaryclass  = {cs, math},
  publisher     = {{arXiv}},
  title         = {A Simplified Framework for First-Order Languages and Its Formalization in {{Mizar}}},
  urldate       = {2023-04-22},
  year          = {2012}
}

@article{cepekKnownNewClasses2005,
  author   = {{\v C}epek, Ond{\v r}ej and Ku{\v c}era, Petr},
  doi      = {10.1016/j.dam.2003.12.011},
  file     = {/home/sguillou/Zotero/storage/2PBVNZSS/ƒåepek et Kuƒçera - 2005 - Known and new classes of generalized Horn formulae.pdf;/home/sguillou/Zotero/storage/CH3WZNL2/S0166218X05000697.html},
  issn     = {0166-218X},
  journal  = {Discrete Applied Mathematics},
  keywords = {Conjunctive normal form,Horn Boolean formula,Polynomial time,Satisfiability},
  langid   = {english},
  month    = aug,
  number   = {1},
  pages    = {14--52},
  series   = {Boolean and {{Pseudo-Boolean Functions}}},
  title    = {Known and New Classes of Generalized {{Horn}} Formulae with Polynomial Recognition and {{SAT}} Testing},
  urldate  = {2023-06-10},
  volume   = {149},
  year     = {2005}
}

@article{chajdaGeneralizationEffectAlgebras2012,
  author    = {Chajda, Ivan and K{\"u}hr, Jan},
  doi       = {10.2478/s12175-012-0063-4},
  file      = {/home/sguillou/Zotero/storage/AHFDIIZU/Chajda and K√ºhr - 2012 - A generalization of effect algebras and ortholatti.pdf},
  issn      = {1337-2211},
  journal   = {Mathematica Slovaca},
  keywords  = {effect algebra,generalized pre-effect algebra,ortholattice,pre-effect algebra},
  langid    = {english},
  month     = dec,
  number    = {6},
  pages     = {1045--1062},
  publisher = {{De Gruyter}},
  title     = {A Generalization of Effect Algebras and Ortholattices},
  urldate   = {2023-06-28},
  volume    = {62},
  year      = {2012}
}

@misc{chajdaImplicationOrthologic2003,
  archiveprefix = {arxiv},
  author        = {Chajda, I. and Halas, R.},
  doi           = {10.48550/arXiv.quant-ph/0210083},
  eprint        = {quant-ph/0210083},
  file          = {/home/sguillou/Zotero/storage/C6DF6UPV/Chajda et Halas - 2003 - An implication in orthologic.pdf;/home/sguillou/Zotero/storage/G3DUIL4J/0210083.html},
  keywords      = {Quantum Physics},
  month         = apr,
  number        = {arXiv:quant-ph/0210083},
  publisher     = {{arXiv}},
  title         = {An Implication in Orthologic},
  urldate       = {2023-06-04},
  year          = {2003}
}

@article{chajdaImplicationOrthologic2005,
  author   = {Chajda, I. and Hala{\v s}, R.},
  doi      = {10.1007/s10773-005-7051-1},
  issn     = {1572-9575},
  journal  = {International Journal of Theoretical Physics},
  keywords = {congruence,congruence kernel,implication orthoalagebra,ortholattice,orthosemilattice},
  langid   = {english},
  month    = jul,
  number   = {7},
  pages    = {735--744},
  title    = {An {{Implication}} in {{Orthologic}}},
  urldate  = {2023-06-04},
  volume   = {44},
  year     = {2005}
}

@article{chajdaShefferOperationOrtholattices2005,
  author    = {Chajda, Ivan},
  file      = {/home/sguillou/Zotero/storage/NR9IX5EB/32449.html},
  issn      = {0231-9721},
  journal   = {Acta Universitatis Palackianae Olomucensis. Facultas Rerum Naturalium. Mathematica},
  langid    = {english},
  number    = {1},
  pages     = {19--23},
  publisher = {{Palack\'y University Olomouc}},
  title     = {Sheffer Operation in Ortholattices},
  urldate   = {2022-05-19},
  volume    = {44},
  year      = {2005}
}

@article{chandruExtendedHornSets1991,
  author   = {Chandru, V. and Hooker, J. N.},
  doi      = {10.1145/102782.102789},
  file     = {/home/sguillou/Zotero/storage/6ZVTSZVM/Chandru and Hooker - 1991 - Extended Horn sets in propositional logic.pdf},
  issn     = {0004-5411},
  journal  = {Journal of the ACM},
  keywords = {Horn clauses,propositional logic},
  month    = jan,
  number   = {1},
  pages    = {205--221},
  title    = {Extended {{Horn}} Sets in Propositional Logic},
  urldate  = {2023-06-12},
  volume   = {38},
  year     = {1991}
}

@article{chandruRenamableHornGeneralized1990,
  author   = {Chandru, Vijaya and Coullard, Collette R. and Hammer, Peter L. and Monta{\~n}ez, Miguel and Sun, Xiaorong},
  doi      = {10.1007/BF01531069},
  file     = {/home/sguillou/Zotero/storage/7SSUI7GQ/Chandru et al. - 1990 - On renamable Horn and generalized Horn functions.pdf},
  issn     = {1573-7470},
  journal  = {Annals of Mathematics and Artificial Intelligence},
  keywords = {Computational logic,generalized Horn formulae,Horn formulae},
  langid   = {english},
  month    = sep,
  number   = {1},
  pages    = {33--47},
  title    = {On Renamable {{Horn}} and Generalized {{Horn}} Functions},
  urldate  = {2023-06-07},
  volume   = {1},
  year     = {1990}
}

@inproceedings{charatonikComplexityBernaysSchonfinkelClass2010,
  address   = {{Berlin, Heidelberg}},
  author    = {Charatonik, Witold and Witkowski, Piotr},
  booktitle = {Logic for {{Programming}}, {{Artificial Intelligence}}, and {{Reasoning}}},
  doi       = {10.1007/978-3-642-16242-8_14},
  editor    = {Ferm{\"u}ller, Christian G. and Voronkov, Andrei},
  isbn      = {978-3-642-16242-8},
  keywords  = {Bounded Model Check,Model Check,Pointer Program,Reachability Problem,Transitive Closure},
  langid    = {english},
  pages     = {187--201},
  publisher = {{Springer}},
  series    = {Lecture {{Notes}} in {{Computer Science}}},
  title     = {On the {{Complexity}} of the {{Bernays-Sch\"onfinkel Class}} with {{Datalog}}},
  year      = {2010}
}

@inproceedings{chaudhuriProoftheoreticApproachCertifying2019,
  address   = {{Cascais, Portugal}},
  author    = {Chaudhuri, Kaustuv and Manighetti, Matteo and Miller, Dale},
  booktitle = {Proceedings of the 8th {{ACM SIGPLAN International Conference}} on {{Certified Programs}} and {{Proofs}}  - {{CPP}} 2019},
  doi       = {10.1145/3293880.3294094},
  file      = {/home/sguillou/Zotero/storage/SIW89JPP/Chaudhuri et al. - 2019 - A proof-theoretic approach to certifying skolemiza.pdf},
  isbn      = {978-1-4503-6222-1},
  langid    = {english},
  pages     = {78--90},
  publisher = {{ACM Press}},
  title     = {A Proof-Theoretic Approach to Certifying Skolemization},
  urldate   = {2021-06-06},
  year      = {2019}
}

@inproceedings{chaudhuriTLAProofSystem2008,
  author    = {Chaudhuri, Kaustuv and Doligez, Damien and Lamport, Leslie and Merz, Stephan},
  booktitle = {{{CEUR Workshop Proceedings}}},
  file      = {/home/sguillou/Zotero/storage/LZPYNWUM/Chaudhuri et al. - 2008 - A TLA+ proof system.pdf},
  month     = jan,
  title     = {A {{TLA}}+ Proof System},
  volume    = {418},
  year      = {2008}
}

@article{cholakCOMPLEXITYLOCALSTRATIFICATION1994,
  author  = {Cholak, Peter and Blair, Howard A.},
  doi     = {10.3233/FI-1994-2144},
  file    = {/home/sguillou/Zotero/storage/QVFG5HTB/Cholak and Blair - 1994 - THE COMPLEXITY OF LOCAL STRATIFICATION.pdf},
  issn    = {01692968},
  journal = {Fundamenta Informaticae},
  number  = {4},
  pages   = {333--344},
  title   = {{{THE COMPLEXITY OF LOCAL STRATIFICATION}}},
  urldate = {2023-06-29},
  volume  = {21},
  year    = {1994}
}

@inproceedings{clarkNegationFailure1977,
  author = {Clark, Keith},
  doi    = {10.1007/978-1-4684-3384-5_11},
  isbn   = {978-1-4684-3386-9},
  month  = jan,
  pages  = {293--322},
  title  = {Negation as {{Failure}}},
  year   = {1977}
}

@incollection{clarkNegationFailure1978,
  address   = {{Boston, MA}},
  author    = {Clark, Keith L.},
  booktitle = {Logic and {{Data Bases}}},
  doi       = {10.1007/978-1-4684-3384-5_11},
  editor    = {Gallaire, Herv{\'e} and Minker, Jack},
  file      = {/home/sguillou/Zotero/storage/FM34GGVJ/Clark - 1977 - Negation as Failure.pdf},
  isbn      = {978-1-4684-3384-5},
  keywords  = {Data Base,Evaluation Tree,Inference Rule,Query Evaluation,Selection Rule},
  langid    = {english},
  pages     = {293--322},
  publisher = {{Springer US}},
  title     = {Negation as {{Failure}}},
  urldate   = {2023-06-27},
  year      = {1978}
}

@inproceedings{comonOrderingACtheoriesSymbolic1995,
  address   = {{San Deigo, CA, USA}},
  author    = {Comon, H. and Nieuwenhuis, R. and Rubio, A.},
  booktitle = {Proceedings of {{Tenth Annual IEEE Symposium}} on {{Logic}} in {{Computer Science}}},
  doi       = {10.1109/LICS.1995.523272},
  file      = {/home/sguillou/Zotero/storage/2IRY7Q2I/Comon et al. - 1995 - Ordering, AC-theories and symbolic constraint solv.pdf},
  isbn      = {978-0-8186-7050-3},
  langid    = {english},
  pages     = {375--385},
  publisher = {{IEEE}},
  title     = {Ordering, {{AC-theories}} and Symbolic Constraint Solving},
  urldate   = {2021-05-06},
  year      = {1995}
}

@article{cookQuantifiedPropositionalCalculus2005,
  author  = {Cook, Stephen and Morioka, Tsuyoshi},
  doi     = {10.1007/s00153-005-0282-2},
  issn    = {0933-5846, 1432-0665},
  journal = {Archive for Mathematical Logic},
  langid  = {english},
  month   = aug,
  number  = {6},
  pages   = {711--749},
  title   = {Quantified Propositional Calculus and a Second-Order Theory for {{NC1}}},
  urldate = {2023-08-22},
  volume  = {44},
  year    = {2005}
}

@misc{CoqcommunityCoqtailmathCoqtail,
  file         = {/home/sguillou/Zotero/storage/4X6FRRPC/coqtail-math.html},
  howpublished = {https://github.com/coq-community/coqtail-math},
  title        = {Coq-Community/Coqtail-Math: {{Coqtail}} Is a Library of Mathematical Theorems and Tools Proved inside the {{Coq}} Proof Assistant. {{Results}} Range Mostly from Arithmetic to Real and Complex Analysis. [Maintainer=@jmadiot]},
  urldate      = {2023-05-04}
}

@misc{CoqcontribsZfc2020,
  copyright    = {LGPL-2.1},
  howpublished = {coq-contribs},
  month        = dec,
  title        = {Coq-Contribs/Zfc},
  urldate      = {2021-06-14},
  year         = {2020}
}

@article{coquandAnalysisGirardParadox,
  author = {Coquand, T},
  file   = {/home/sguillou/Zotero/storage/8GDX3WKJ/Coquand - An analysis of Girard's paradox.pdf},
  pages  = {25},
  title  = {An Analysis of {{Girard}}'s Paradox}
}

@article{coquandCalculusConstructions1988,
  author  = {Coquand, Thierry and Huet, G{\'e}rard},
  doi     = {10.1016/0890-5401(88)90005-3},
  file    = {/home/sguillou/Zotero/storage/DZQC9VC7/Coquand et Huet - 1988 - The calculus of constructions.pdf;/home/sguillou/Zotero/storage/983ISZNR/0890540188900053.html},
  issn    = {0890-5401},
  journal = {Information and Computation},
  langid  = {english},
  month   = feb,
  number  = {2},
  pages   = {95--120},
  title   = {The Calculus of Constructions},
  urldate = {2021-06-11},
  volume  = {76},
  year    = {1988}
}

@article{cosmadakisWordGeneratorProblems1988,
  author  = {Cosmadakis, Stavros S.},
  doi     = {10.1016/0890-5401(88)90048-X},
  file    = {/home/sguillou/Zotero/storage/J9U2KUGS/Cosmadakis - 1988 - The word and generator problems for lattices.pdf},
  issn    = {08905401},
  journal = {Information and Computation},
  langid  = {english},
  month   = jun,
  number  = {3},
  pages   = {192--217},
  title   = {The Word and Generator Problems for Lattices},
  urldate = {2021-09-24},
  volume  = {77},
  year    = {1988}
}

@inproceedings{cousotAbstractInterpretationUnified1977,
  address    = {{New York, NY, USA}},
  author     = {Cousot, Patrick and Cousot, Radhia},
  booktitle  = {Proceedings of the 4th {{ACM SIGACT-SIGPLAN}} Symposium on {{Principles}} of Programming Languages},
  doi        = {10.1145/512950.512973},
  file       = {/home/sguillou/Zotero/storage/4SJSTAAJ/Cousot and Cousot - 1977 - Abstract interpretation a unified lattice model f.pdf},
  isbn       = {978-1-4503-7350-0},
  month      = jan,
  pages      = {238--252},
  publisher  = {{Association for Computing Machinery}},
  series     = {{{POPL}} '77},
  shorttitle = {Abstract Interpretation},
  title      = {Abstract Interpretation: A Unified Lattice Model for Static Analysis of Programs by Construction or Approximation of Fixpoints},
  urldate    = {2023-09-07},
  year       = {1977}
}

@article{craigThreeUsesHerbrandGentzen1957,
  author  = {Craig, William},
  doi     = {10.2307/2963594},
  issn    = {0022-4812, 1943-5886},
  journal = {Journal of Symbolic Logic},
  langid  = {english},
  month   = sep,
  number  = {3},
  pages   = {269--285},
  title   = {Three Uses of the {{Herbrand-Gentzen}} Theorem in Relating Model Theory and Proof Theory},
  urldate = {2023-08-27},
  volume  = {22},
  year    = {1957}
}

@article{dantsinComplexityExpressivePower2001,
  author   = {Dantsin, Evgeny and Eiter, Thomas and Gottlob, Georg and Voronkov, Andrei},
  doi      = {10.1145/502807.502810},
  file     = {/home/sguillou/Zotero/storage/HLWWL7J4/Dantsin et al. - 2001 - Complexity and expressive power of logic programmi.pdf},
  issn     = {0360-0300},
  journal  = {ACM Computing Surveys},
  keywords = {Complexity,datalog,expressive power,logic programming,nonmonotonic logic,query languages},
  month    = sep,
  number   = {3},
  pages    = {374--425},
  title    = {Complexity and Expressive Power of Logic Programming},
  urldate  = {2023-07-05},
  volume   = {33},
  year     = {2001}
}

@article{daskalakisSortingSelectionPosets,
  author   = {Daskalakis, Constantinos and Karp, Richard M and Mossel, Elchanan and Verbin, Elad and Riesenfeld, Samantha},
  file     = {/home/sguillou/Zotero/storage/B2ZYVK5U/Daskalakis et al. - Sorting and Selection in Posets.pdf},
  keywords = {Needed},
  langid   = {english},
  pages    = {10},
  title    = {Sorting and {{Selection}} in {{Posets}}}
}

@book{daveyIntroductionLatticesOrder2002,
  address   = {{Cambridge}},
  author    = {Davey, B. A. and Priestley, H. A.},
  doi       = {10.1017/CBO9780511809088},
  edition   = {2},
  file      = {/home/sguillou/Zotero/storage/RFXQT9R7/946458CB6638AF86D85BA00F5787F4F4.html},
  isbn      = {978-0-521-78451-1},
  publisher = {{Cambridge University Press}},
  title     = {Introduction to {{Lattices}} and {{Order}}},
  urldate   = {2023-07-07},
  year      = {2002}
}

@article{davisMachineProgramTheoremproving1962,
  author  = {Davis, Martin and Logemann, George and Loveland, Donald},
  doi     = {10.1145/368273.368557},
  file    = {/home/sguillou/Zotero/storage/THXL5IR8/Davis et al. - 1962 - A machine program for theorem-proving.pdf},
  issn    = {0001-0782},
  journal = {Communications of the ACM},
  month   = jul,
  number  = {7},
  pages   = {394--397},
  title   = {A Machine Program for Theorem-Proving},
  urldate = {2021-10-01},
  volume  = {5},
  year    = {1962}
}

@article{dayDoublingConstructionsLattice1992,
  author    = {Day, Alan},
  doi       = {10.4153/CJM-1992-017-7},
  file      = {/home/sguillou/Zotero/storage/5B4MMHFR/Day - 1992 - Doubling Constructions in Lattice Theory.pdf;/home/sguillou/Zotero/storage/F3YY9U3I/FEDEB48AA3ACB4449CDDA7CDF7B1ED5F.html},
  issn      = {0008-414X, 1496-4279},
  journal   = {Canadian Journal of Mathematics},
  keywords  = {06B05,06B25},
  langid    = {english},
  month     = apr,
  number    = {2},
  pages     = {252--269},
  publisher = {{Cambridge University Press}},
  title     = {Doubling {{Constructions}} in {{Lattice Theory}}},
  urldate   = {2022-05-23},
  volume    = {44},
  year      = {1992}
}

@article{daySimpleSolutionWord1970,
  author    = {Day, Alan},
  doi       = {10.4153/CMB-1970-051-0},
  file      = {/home/sguillou/Zotero/storage/9Q46PF7T/Day - 1970 - A Simple Solution to the Word Problem for Lattices.pdf;/home/sguillou/Zotero/storage/7MGC562B/B4B9B2CBCCC01ED44BF83EB4B8FBAB97.html},
  issn      = {0008-4395, 1496-4287},
  journal   = {Canadian Mathematical Bulletin},
  langid    = {english},
  month     = jun,
  number    = {2},
  pages     = {253--254},
  publisher = {{Cambridge University Press}},
  title     = {A {{Simple Solution}} to the {{Word Problem}} for {{Lattices}}},
  urldate   = {2022-05-23},
  volume    = {13},
  year      = {1970}
}

@article{daySplittingLatticesGenerate1977,
  author   = {Day, Alan},
  doi      = {10.1007/BF02485425},
  file     = {/home/sguillou/Zotero/storage/TGDZ89UI/Day - 1977 - Splitting lattices generate all lattices.pdf},
  issn     = {1420-8911},
  journal  = {algebra universalis},
  keywords = {Algebra UNIV,Finite Lattice,Homomorphic Image,Inverse Limit,Subdirect Product},
  langid   = {english},
  month    = dec,
  number   = {1},
  pages    = {163--169},
  title    = {Splitting Lattices Generate All Lattices},
  urldate  = {2022-05-23},
  volume   = {7},
  year     = {1977}
}

@misc{DblpSearchAbstraction,
  file         = {/home/sguillou/Zotero/storage/MC7ZNSQY/search.html},
  howpublished = {https://dblp.org/search?q=abstraction\%20from\%20proof},
  title        = {Dblp: {{Search}} for "Abstraction from Proof"},
  urldate      = {2023-08-28}
}

@inproceedings{degtyarevDecidabilityProblemsPrenex1996,
  author    = {Degtyarev, A. and Voronkov, A.},
  booktitle = {Proceedings 11th {{Annual IEEE Symposium}} on {{Logic}} in {{Computer Science}}},
  doi       = {10.1109/LICS.1996.561467},
  file      = {/home/sguillou/Zotero/storage/CN9E8NQP/Degtyarev et Voronkov - 1996 - Decidability problems for the prenex fragment of i.pdf;/home/sguillou/Zotero/storage/XXMVGPYQ/561467.html},
  issn      = {1043-6871},
  keywords  = {Automatic logic units,Calculus,complexity,constraint satisfaction,constraint-based technique,decidability,formal logic,intuitionistic logic,loop-free sequent systems,Polynomials,prenex fragment,PSPACE-completeness,sequent calculi,Skolemization},
  month     = jul,
  pages     = {503--512},
  title     = {Decidability Problems for the Prenex Fragment of Intuitionistic Logic},
  year      = {1996}
}

@incollection{dejonghPositiveFormulasIntuitionistic2015,
  address   = {{Berlin, Heidelberg}},
  author    = {{de Jongh}, Dick and Zhao, Zhiguang},
  booktitle = {Logic, {{Language}}, and {{Computation}}},
  doi       = {10.1007/978-3-662-46906-4_11},
  editor    = {Aher, Martin and Hole, Daniel and Je{\v r}{\'a}bek, Emil and Kupke, Clemens},
  file      = {/home/sguillou/Zotero/storage/FD2HK2CP/de Jongh and Zhao - 2015 - Positive Formulas in Intuitionistic and Minimal Lo.pdf},
  isbn      = {978-3-662-46905-7 978-3-662-46906-4},
  langid    = {english},
  pages     = {175--189},
  publisher = {{Springer Berlin Heidelberg}},
  title     = {Positive {{Formulas}} in {{Intuitionistic}} and {{Minimal Logic}}},
  urldate   = {2023-03-20},
  volume    = {8984},
  year      = {2015}
}

@inproceedings{demouraGeneralizedEfficientArray2009,
  author    = {{de Moura}, Leonardo and Bj{\o}rner, Nikolaj},
  booktitle = {2009 {{Formal Methods}} in {{Computer-Aided Design}}},
  doi       = {10.1109/FMCAD.2009.5351142},
  file      = {/home/sguillou/Zotero/storage/YTHRIRKA/5351142.html},
  keywords  = {Arithmetic,Automata,basic array theory,combinatory array logic,Constraint theory,decision theory,Delay,efficient array decision procedure,Equations,Filters,formal logic,Formal verification,Hardware,hardware verification,Logic arrays,satisfiability modulo theory,SMT solver Z3,software verification,Surface-mount technology,symbolic analysis,theorem proving},
  month     = nov,
  pages     = {45--52},
  title     = {Generalized, Efficient Array Decision Procedures},
  year      = {2009}
}

@incollection{demouraLeanTheoremProver2015,
  address   = {{Cham}},
  author    = {{de Moura}, Leonardo and Kong, Soonho and Avigad, Jeremy and {van Doorn}, Floris and {von Raumer}, Jakob},
  booktitle = {Automated {{Deduction}} - {{CADE-25}}},
  doi       = {10.1007/978-3-319-21401-6_26},
  editor    = {Felty, Amy P. and Middeldorp, Aart},
  file      = {/home/sguillou/Zotero/storage/3EIK6M9T/de Moura et al. - 2015 - The Lean Theorem Prover (System Description).pdf},
  isbn      = {978-3-319-21400-9 978-3-319-21401-6},
  langid    = {english},
  pages     = {378--388},
  publisher = {{Springer International Publishing}},
  title     = {The {{Lean Theorem Prover}} ({{System Description}})},
  urldate   = {2022-05-09},
  volume    = {9195},
  year      = {2015}
}

@inproceedings{demouraZ3EfficientSMT2008,
  address    = {{Berlin, Heidelberg}},
  author     = {{de Moura}, Leonardo and Bj{\o}rner, Nikolaj},
  booktitle  = {Tools and {{Algorithms}} for the {{Construction}} and {{Analysis}} of {{Systems}}},
  doi        = {10.1007/978-3-540-78800-3_24},
  editor     = {Ramakrishnan, C. R. and Rehof, Jakob},
  file       = {/home/sguillou/Zotero/storage/ZPJPHH5J/de Moura and Bj√∏rner - 2008 - Z3 An Efficient SMT Solver.pdf},
  isbn       = {978-3-540-78800-3},
  keywords   = {Bound Model Check,Linear Arithmetic,Predicate Abstraction,Symbolic Execution,Theory Solver},
  langid     = {english},
  pages      = {337--340},
  publisher  = {{Springer}},
  series     = {Lecture {{Notes}} in {{Computer Science}}},
  shorttitle = {Z3},
  title      = {Z3: {{An Efficient SMT Solver}}},
  year       = {2008}
}

@inproceedings{duarteImplementingSuperpositionIProver2020,
  address   = {{Paris}},
  author    = {Duarte, Andr{\'e} and Korovin, Konstantin},
  booktitle = {Automated {{Reasoning}} - 10th {{International Joint Conference}}, {{IJCAR}} 2020, {{Paris}}, {{France}}, {{July}} 1-4, 2020, {{Proceedings}}, {{Part II}}},
  doi       = {10.1007/978-3-030-51054-1_24},
  editor    = {Peltier, Nicolas and {Sofronie-Stokkermans}, Viorica},
  file      = {/home/sguillou/Zotero/storage/ZHSFZYF6/Duarte and Korovin - 2020 - Implementing Superposition in iProver (System Desc.pdf},
  pages     = {388--397},
  publisher = {{Springer}},
  series    = {Lecture {{Notes}} in {{Computer Science}}},
  title     = {Implementing {{Superposition}} in {{iProver}} ({{System Description}})},
  urldate   = {2022-10-11},
  volume    = {12167},
  year      = {2020}
}

@inproceedings{dudenhefnerSimplerUndecidabilityProof2019,
  author       = {Dudenhefner, Andrej and Rehof, Jakob},
  booktitle    = {{{TYPES}}},
  collaborator = {Wagner, Michael},
  copyright    = {Creative Commons Attribution 3.0 Unported license (CC-BY 3.0)},
  doi          = {10.4230/LIPICS.TYPES.2018.2},
  keywords     = {{000 Computer science, knowledge, general works},Computer Science},
  langid       = {english},
  pages        = {11 pages},
  publisher    = {{Schloss Dagstuhl - Leibniz-Zentrum fuer Informatik GmbH, Wadern/Saarbruecken, Germany}},
  title        = {A {{Simpler Undecidability Proof}} for {{System F Inhabitation}}},
  urldate      = {2023-09-01},
  year         = {2019}
}

@incollection{eenEffectivePreprocessingSAT2005,
  address   = {{Berlin, Heidelberg}},
  author    = {E{\'e}n, Niklas and Biere, Armin},
  booktitle = {Theory and {{Applications}} of {{Satisfiability Testing}}},
  doi       = {10.1007/11499107_5},
  editor    = {Hutchison, David and Kanade, Takeo and Kittler, Josef and Kleinberg, Jon M. and Mattern, Friedemann and Mitchell, John C. and Naor, Moni and Nierstrasz, Oscar and Pandu Rangan, C. and Steffen, Bernhard and Sudan, Madhu and Terzopoulos, Demetri and Tygar, Dough and Vardi, Moshe Y. and Weikum, Gerhard and Bacchus, Fahiem and Walsh, Toby},
  file      = {/home/sguillou/Zotero/storage/CL4RSF65/E√©n and Biere - 2005 - Effective Preprocessing in SAT Through Variable an.pdf},
  isbn      = {978-3-540-26276-3 978-3-540-31679-4},
  langid    = {english},
  pages     = {61--75},
  publisher = {{Springer Berlin Heidelberg}},
  title     = {Effective {{Preprocessing}} in {{SAT Through Variable}} and {{Clause Elimination}}},
  urldate   = {2022-06-22},
  volume    = {3569},
  year      = {2005}
}

@article{eglyDifferentProofSearchStrategies2003,
  author   = {Egly, Uwe and Tompits, Hans},
  doi      = {10.1023/A:1022993408070},
  file     = {/home/sguillou/Zotero/storage/ZMBUFBGR/Egly et Tompits - 2003 - On Different Proof-Search Strategies for Orthologi.pdf},
  issn     = {1572-8730},
  journal  = {Studia Logica},
  keywords = {Gentzen system,minimal quantum logic,orthologic,polynomial decision procedure,proof complexity,proof theory},
  langid   = {english},
  month    = feb,
  number   = {1},
  pages    = {131--152},
  title    = {On {{Different Proof-Search Strategies}} for {{Orthologic}}},
  urldate  = {2023-06-09},
  volume   = {73},
  year     = {2003}
}

@article{eglyNoTitleFound2003,
  author  = {Egly, Uwe and Tompits, Hans},
  doi     = {10.1023/A:1022993408070},
  issn    = {00393215},
  journal = {Studia Logica},
  number  = {1},
  pages   = {131--152},
  title   = {[{{No}} Title Found]},
  urldate = {2023-06-09},
  volume  = {73},
  year    = {2003}
}

@article{eiterDisjunctiveDatalog1997,
  author  = {Eiter, Thomas and Gottlob, Georg and Mannila, Heikki},
  doi     = {10.1145/261124.261126},
  file    = {/home/sguillou/Zotero/storage/RALY733G/Eiter et al. - 1997 - Disjunctive datalog.pdf},
  issn    = {0362-5915},
  journal = {ACM Transactions on Database Systems},
  month   = sep,
  number  = {3},
  pages   = {364--418},
  title   = {Disjunctive Datalog},
  urldate = {2023-06-26},
  volume  = {22},
  year    = {1997}
}

@article{eiterRecognizingRenamableGeneralized1995,
  author   = {Eiter, Thomas and Kilpel{\"a}inen, Pekka and Mannila, Heikki},
  doi      = {10.1016/0166-218X(93)E0152-O},
  file     = {/home/sguillou/Zotero/storage/MLIYLYTS/Eiter et al. - 1995 - Recognizing renamable generalized propositional Ho.pdf;/home/sguillou/Zotero/storage/BDFU6TBZ/0166218X93E0152O.html},
  issn     = {0166-218X},
  journal  = {Discrete Applied Mathematics},
  keywords = {Generalized Horn clauses,NP-completeness,Renamable Horn clauses,Satisfiability problem},
  langid   = {english},
  month    = apr,
  number   = {1},
  pages    = {23--31},
  title    = {Recognizing Renamable Generalized Propositional {{Horn}} Formulas Is {{NP-complete}}},
  urldate  = {2023-06-10},
  volume   = {59},
  year     = {1995}
}

@article{EnforcingLanguageSemanticsUsing,
  file   = {/home/sguillou/Zotero/storage/2WUHSE39/Enforcing Language SemanticsUsing Proof-Carrying D.pdf},
  langid = {english},
  pages  = {39},
  title  = {Enforcing {{Language SemanticsUsing Proof-Carrying Data}}}
}

@misc{EPFLCombinationalBenchmark2022,
  copyright    = {MIT},
  howpublished = {lsils},
  month        = oct,
  title        = {The {{EPFL Combinational Benchmark Suite}}},
  urldate      = {2022-10-13},
  year         = {2022}
}

@inproceedings{even-mendozaLatticebasedSMTProgram2019,
  address   = {{New York, NY, USA}},
  author    = {{Even-Mendoza}, Karine and Hyv{\"a}rinen, Antti E. J. and Chockler, Hana and Sharygina, Natasha},
  booktitle = {Proceedings of the 17th {{ACM-IEEE International Conference}} on {{Formal Methods}} and {{Models}} for {{System Design}}},
  doi       = {10.1145/3359986.3361214},
  file      = {/home/sguillou/Zotero/storage/AU6W8CT9/Even-Mendoza et al. - 2019 - Lattice-based SMT for program verification.pdf},
  isbn      = {978-1-4503-6997-8},
  month     = oct,
  pages     = {1--11},
  publisher = {{Association for Computing Machinery}},
  series    = {{{MEMOCODE}} '19},
  title     = {Lattice-Based {{SMT}} for Program Verification},
  urldate   = {2021-09-29},
  year      = {2019}
}

@article{falaschiSynchronizationLogicAxiomatics1984,
  author     = {Falaschi, M. and Levi, G. and Palamidessi, C.},
  doi        = {10.1016/S0019-9958(84)80021-2},
  file       = {/home/sguillou/Zotero/storage/6H7FXD2X/Falaschi et al. - 1984 - A synchronization logic Axiomatics and formal sem.pdf},
  issn       = {0019-9958},
  journal    = {Information and Control},
  langid     = {english},
  month      = jan,
  number     = {1},
  pages      = {36--69},
  shorttitle = {A Synchronization Logic},
  title      = {A Synchronization Logic: {{Axiomatics}} and Formal Semantics of Generalized Horn Clauses},
  urldate    = {2023-06-08},
  volume     = {60},
  year       = {1984}
}

@article{farmerSevenVirtuesSimple2008,
  author   = {Farmer, William M.},
  doi      = {10.1016/j.jal.2007.11.001},
  file     = {/home/sguillou/Zotero/storage/M8EFWEUK/Farmer - 2008 - The seven virtues of simple type theory.pdf;/home/sguillou/Zotero/storage/QEETNGJV/S157086830700081X.html},
  issn     = {1570-8683},
  journal  = {Journal of Applied Logic},
  keywords = {Complete ordered field,Higher-order logic,Nonstandard models,Peano arithmetic,Practical logics,Print,Read,Type theory},
  langid   = {english},
  month    = sep,
  number   = {3},
  pages    = {267--286},
  title    = {The Seven Virtues of Simple Type Theory},
  urldate  = {2020-10-20},
  volume   = {6},
  year     = {2008}
}

@article{FixpointSemanticsLogic2002,
  doi     = {10.1016/S0304-3975(00)00330-3},
  file    = {/home/sguillou/Zotero/storage/JPCL65E8/2002 - Fixpoint semantics for logic programming a survey.pdf},
  issn    = {0304-3975},
  journal = {Theoretical Computer Science},
  month   = may,
  number  = {1-2},
  pages   = {25--51},
  title   = {Fixpoint Semantics for Logic Programming a Survey},
  urldate = {2023-06-26},
  volume  = {278},
  year    = {2002}
}

@article{freeseFinitelyPresentedLattices1979,
  author     = {Freese, Ralph and Nation, J. B.},
  doi        = {10.2307/2042634},
  eprint     = {2042634},
  eprinttype = {jstor},
  file       = {/home/sguillou/Zotero/storage/EWWR7ULW/Freese and Nation - 1979 - Finitely Presented Lattices.pdf},
  issn       = {0002-9939},
  journal    = {Proceedings of the American Mathematical Society},
  number     = {2},
  pages      = {174--178},
  publisher  = {{American Mathematical Society}},
  title      = {Finitely {{Presented Lattices}}},
  urldate    = {2022-08-29},
  volume     = {77},
  year       = {1979}
}

@article{freeseFINITELYPRESENTEDLATTICES1989,
  author = {Freese, Ralph},
  file   = {/home/sguillou/Zotero/storage/S2WULM66/Freese - FINITELY PRESENTED LATTICES CANONICALFORMS AND TH.pdf},
  langid = {english},
  month  = apr,
  title  = {{{FINITELY PRESENTED LATTICES}}: {{CANONICALFORMS AND THE COVERINGRELATION}}},
  year   = {1989}
}

@book{freeseFreeLattices1995,
  address   = {{Providence, Rhode Island}},
  author    = {Freese, Ralph and Jezek, Jaroslav and Nation, J.},
  doi       = {10.1090/surv/042},
  file      = {/home/sguillou/Zotero/storage/VACVUUBX/Freese et al. - 1995 - Free Lattices.pdf},
  isbn      = {978-0-8218-0389-9 978-1-4704-1273-9},
  langid    = {english},
  month     = mar,
  publisher = {{American Mathematical Society}},
  series    = {Mathematical {{Surveys}} and {{Monographs}}},
  title     = {Free {{Lattices}}},
  urldate   = {2022-04-29},
  volume    = {42},
  year      = {1995}
}

@article{furerQuotientsBoundedNatural2022,
  archiveprefix = {arxiv},
  author        = {F{\"u}rer, Basil and Lochbihler, Andreas and Schneider, Joshua and Traytel, Dmitriy},
  doi           = {10.46298/lmcs-18(1:23)2022},
  eprint        = {2104.05348},
  file          = {/home/sguillou/Zotero/storage/LFSZIGZF/F√ºrer et al. - 2022 - Quotients of Bounded Natural Functors.pdf;/home/sguillou/Zotero/storage/NKZGJAE9/2104.html},
  issn          = {1860-5974},
  journal       = {Logical Methods in Computer Science},
  keywords      = {Computer Science - Logic in Computer Science,Computer Science - Programming Languages},
  month         = feb,
  pages         = {7354},
  title         = {Quotients of {{Bounded Natural Functors}}},
  urldate       = {2022-03-20},
  volume        = {Volume 18, Issue 1},
  year          = {2022}
}

@book{galmicheAutomatedReasoningAnalytic2013,
  address    = {{Berlin, Heidelberg}},
  doi        = {10.1007/978-3-642-40537-2},
  edition    = {1st ed. 2013},
  editor     = {Galmiche, Didier and {Larchey-Wendling}, Dominique},
  file       = {/home/sguillou/Zotero/storage/RPJAERJF/Galmiche et Larchey-Wendling - 2013 - Automated Reasoning with Analytic Tableaux and Rel.pdf},
  isbn       = {978-3-642-40537-2},
  keywords   = {Artificial intelligence,Artificial Intelligence,Computer logic,Computer programming,Computer science,Discrete Mathematics in Computer Science,Logics and Meanings of Programs,Mathematical logic,Mathematical Logic and Formal Languages,Mathematics,Programming Techniques,Software engineering,Software Engineering},
  langid     = {english},
  lccn       = {006.3},
  number     = {8123},
  publisher  = {{Springer Berlin Heidelberg : Imprint: Springer}},
  series     = {Lecture {{Notes}} in {{Artificial Intelligence}}},
  shorttitle = {Automated {{Reasoning}} with {{Analytic Tableaux}} and {{Related Methods}}},
  title      = {Automated {{Reasoning}} with {{Analytic Tableaux}} and {{Related Methods}}: 22nd {{International Conference}}, {{TABLEAUX}} 2013, {{Nancy}}, {{France}}, {{September}} 16-19, 2013, {{Proceedings}}},
  year       = {2013}
}

@incollection{ganzingerDPLLFastDecision2004,
  address    = {{Berlin, Heidelberg}},
  author     = {Ganzinger, Harald and Hagen, George and Nieuwenhuis, Robert and Oliveras, Albert and Tinelli, Cesare},
  booktitle  = {Computer {{Aided Verification}}},
  doi        = {10.1007/978-3-540-27813-9_14},
  editor     = {Kanade, Takeo and Kittler, Josef and Kleinberg, Jon M. and Mattern, Friedemann and Mitchell, John C. and Naor, Moni and Nierstrasz, Oscar and Pandu Rangan, C. and Steffen, Bernhard and Sudan, Madhu and Terzopoulos, Demetri and Tygar, Dough and Vardi, Moshe Y. and Weikum, Gerhard and Alur, Rajeev and Peled, Doron A.},
  file       = {/home/sguillou/Zotero/storage/WFMXAJ32/Ganzinger et al. - 2004 - DPLL(T) Fast Decision Procedures.pdf},
  isbn       = {978-3-540-22342-9 978-3-540-27813-9},
  langid     = {english},
  pages      = {175--188},
  publisher  = {{Springer Berlin Heidelberg}},
  shorttitle = {{{DPLL}}({{T}})},
  title      = {{{DPLL}}({{T}}): {{Fast Decision Procedures}}},
  urldate    = {2021-10-01},
  volume     = {3114},
  year       = {2004}
}

@inproceedings{ganzingerRelatingSemanticProoftheoretic2001,
  author    = {Ganzinger, H.},
  booktitle = {Proceedings 16th {{Annual IEEE Symposium}} on {{Logic}} in {{Computer Science}}},
  doi       = {10.1109/LICS.2001.932485},
  file      = {/home/sguillou/Zotero/storage/GSS58EJB/Ganzinger - 2001 - Relating semantic and proof-theoretic concepts for.pdf;/home/sguillou/Zotero/storage/QPFMI745/932485.html},
  issn      = {1043-6871},
  keywords  = {Algebra,Counting circuits,Dynamic programming,Encoding,Equations,Geometry,Lattices,Polynomials,Print},
  month     = jun,
  pages     = {81--90},
  title     = {Relating Semantic and Proof-Theoretic Concepts for Polynomial Time Decidability of Uniform Word Problems},
  year      = {2001}
}

@article{gelfondClassicalNegationLogic1991,
  author   = {Gelfond, Michael and Lifschitz, Vladimir},
  doi      = {10.1007/BF03037169},
  file     = {/home/sguillou/Zotero/storage/FX9KQ65C/Gelfond and Lifschitz - 1991 - Classical negation in logic programs and disjuncti.pdf},
  issn     = {1882-7055},
  journal  = {New Generation Computing},
  keywords = {Disjunctive Databases,Incomplete Information,Logic Programming,Negation as Failure,Nonmonotonic Reasoning,Stable Models},
  langid   = {english},
  month    = aug,
  number   = {3},
  pages    = {365--385},
  title    = {Classical Negation in Logic Programs and Disjunctive Databases},
  urldate  = {2023-06-26},
  volume   = {9},
  year     = {1991}
}

@inproceedings{gelfondStableModelSemantics1988,
  author    = {Gelfond, M. and Lifschitz, V.},
  booktitle = {{{ICLP}}/{{SLP}}},
  file      = {/home/sguillou/Zotero/storage/67AXEBQW/Gelfond and Lifschitz - 1988 - The Stable Model Semantics for Logic Programming.pdf},
  title     = {The {{Stable Model Semantics}} for {{Logic Programming}}},
  urldate   = {2023-06-26},
  year      = {1988}
}

@article{gentzenUntersuchungenUberLogische1935,
  author  = {Gentzen, G.},
  file    = {/home/sguillou/Zotero/storage/ABN8GQFX/168546.html},
  issn    = {0025-5874; 1432-1823},
  journal = {Mathematische Zeitschrift},
  langid  = {und},
  pages   = {176--210},
  title   = {{Untersuchungen \"uber das logische Schlie\ss en I}},
  urldate = {2023-02-16},
  volume  = {39},
  year    = {1935}
}

@incollection{geuversConsistencyExtensionsHigher2007,
  address   = {{Berlin, Heidelberg}},
  author    = {Geuvers, Herman},
  booktitle = {Types for {{Proofs}} and {{Programs}}},
  doi       = {10.1007/978-3-540-74464-1_10},
  editor    = {Altenkirch, Thorsten and McBride, Conor},
  file      = {/home/sguillou/Zotero/storage/4M9AGALP/Geuvers - 2007 - (In)consistency of Extensions of Higher Order Logi.pdf},
  isbn      = {978-3-540-74463-4 978-3-540-74464-1},
  issn      = {0302-9743, 1611-3349},
  keywords  = {Print,Read},
  langid    = {english},
  pages     = {140--159},
  publisher = {{Springer Berlin Heidelberg}},
  title     = {({{In}})Consistency of {{Extensions}} of {{Higher Order Logic}} and {{Type Theory}}},
  urldate   = {2020-11-02},
  volume    = {4502},
  year      = {2007}
}

@book{geuversLogicsTypeSystems1993,
  address  = {{Nijmegen}},
  author   = {Geuvers, Jan H.},
  file     = {/home/sguillou/Zotero/storage/NQFWVT3X/Geuvers - 1993 - Logics and type systems.pdf},
  isbn     = {978-90-90-06352-2},
  keywords = {Read},
  langid   = {english},
  title    = {Logics and Type Systems},
  year     = {1993}
}

@article{geuversProofAssistantsHistory2009,
  author     = {Geuvers, H.},
  doi        = {10.1007/s12046-009-0001-5},
  file       = {/home/sguillou/Zotero/storage/H34YPKND/Geuvers - 2009 - Proof assistants History, ideas and future.pdf},
  issn       = {0256-2499, 0973-7677},
  journal    = {Sadhana},
  langid     = {english},
  month      = feb,
  number     = {1},
  pages      = {3--25},
  shorttitle = {Proof Assistants},
  title      = {Proof Assistants: {{History}}, Ideas and Future},
  urldate    = {2022-06-20},
  volume     = {34},
  year       = {2009}
}

@article{geuversPureTypeSystems2010,
  author   = {Geuvers, Herman and Krebbers, Robbert and McKinna, James and Wiedijk, Freek},
  doi      = {10.4204/EPTCS.34.6},
  file     = {/home/sguillou/Zotero/storage/WPGY7WTC/Geuvers et al. - 2010 - Pure Type Systems without Explicit Contexts.pdf},
  issn     = {2075-2180},
  journal  = {Electronic Proceedings in Theoretical Computer Science},
  keywords = {Print,Read},
  langid   = {english},
  month    = sep,
  pages    = {53--67},
  title    = {Pure {{Type Systems}} without {{Explicit Contexts}}},
  urldate  = {2020-10-20},
  volume   = {34},
  year     = {2010}
}

@article{ghilardiHigherOrderQuantifierElimination2020,
  author  = {Ghilardi, Silvio and Pagani, Elena},
  doi     = {10.1007/s10817-020-09578-5},
  file    = {/home/sguillou/Zotero/storage/BD5HDFW2/Ghilardi and Pagani - 2020 - Higher-Order Quantifier Elimination, Counter Simul.pdf},
  issn    = {0168-7433, 1573-0670},
  journal = {Journal of Automated Reasoning},
  langid  = {english},
  month   = aug,
  title   = {Higher-{{Order Quantifier Elimination}}, {{Counter Simulations}} and {{Fault-Tolerant Systems}}},
  urldate = {2020-09-17},
  year    = {2020}
}

@book{girardProofsTypes1989,
  address   = {{USA}},
  author    = {Girard, Jean-Yves and Taylor, Paul and Lafont, Yves},
  file      = {/home/sguillou/Zotero/storage/PU5UTCQT/Girard - 1989 - Proofs and types.pdf},
  isbn      = {978-0-521-37181-0},
  month     = mar,
  publisher = {{Cambridge University Press}},
  title     = {Proofs and Types},
  year      = {1989}
}

@article{givanPolynomialtimeComputationLocal2002,
  author   = {Givan, Robert and Mcallester, David},
  doi      = {10.1145/566385.566387},
  file     = {/home/sguillou/Zotero/storage/HZLETMVF/Givan and Mcallester - 2002 - Polynomial-time computation via local inference re.pdf},
  issn     = {1529-3785},
  journal  = {ACM Transactions on Computational Logic},
  keywords = {Automated reasoning,decision procedures,descriptive complexity theory},
  month    = oct,
  number   = {4},
  pages    = {521--541},
  title    = {Polynomial-Time Computation via Local Inference Relations},
  urldate  = {2023-03-30},
  volume   = {3},
  year     = {2002}
}

@incollection{goelBDDBasedProcedures1998,
  address   = {{Berlin, Heidelberg}},
  author    = {Goel, Anuj and Sajid, Khurrarn and Zhou, Hai and Aziz, Adnan and Singhal, Vigyan},
  booktitle = {Computer {{Aided Verification}}},
  doi       = {10.1007/BFb0028749},
  editor    = {Goos, Gerhard and Hartmanis, Juris and {van Leeuwen}, Jan and Hu, Alan J. and Vardi, Moshe Y.},
  file      = {/home/sguillou/Zotero/storage/YJX5FT2Q/Goel et al. - 1998 - BDD based procedures for a theory of equality with.pdf},
  isbn      = {978-3-540-64608-2 978-3-540-69339-0},
  langid    = {english},
  pages     = {244--255},
  publisher = {{Springer Berlin Heidelberg}},
  title     = {{{BDD}} Based Procedures for a Theory of Equality with Uninterpreted Functions},
  urldate   = {2023-04-04},
  volume    = {1427},
  year      = {1998}
}

@article{goldblattSemanticAnalysisOrthologic1974,
  author  = {Goldblatt, R. I.},
  doi     = {10.1007/BF00652069},
  file    = {/home/sguillou/Zotero/storage/6HWCBMQS/Goldblatt - 1974 - Semantic analysis of orthologic.pdf},
  issn    = {1573-0433},
  journal = {Journal of Philosophical Logic},
  langid  = {english},
  month   = mar,
  number  = {1},
  pages   = {19--35},
  title   = {Semantic Analysis of Orthologic},
  urldate = {2023-03-30},
  volume  = {3},
  year    = {1974}
}

@article{gonthierFormalProofFour2008,
  author = {Gonthier, Georges},
  file   = {/home/sguillou/Zotero/storage/NR3MR9DW/Gonthier - 2008 - Formal Proof‚ÄîThe Four- Color Theorem.pdf},
  langid = {english},
  number = {11},
  pages  = {12},
  title  = {Formal {{Proof}}\textemdash{{The Four- Color Theorem}}},
  volume = {55},
  year   = {2008}
}

@article{gonthierFormalProofFour2008a,
  author = {Gonthier, Georges},
  file   = {/home/sguillou/Zotero/storage/VUB8CT7T/Gonthier - 2008 - Formal Proof‚ÄîThe Four- Color Theorem.pdf},
  langid = {english},
  number = {11},
  pages  = {12},
  title  = {Formal {{Proof}}\textemdash{{The Four- Color Theorem}}},
  volume = {55},
  year   = {2008}
}

@book{gordonEdinburghLCF1979,
  address   = {{Berlin, Heidelberg}},
  author    = {Gordon, Michael J. and Milner, Arthur J. and Wadsworth, Christopher P.},
  doi       = {10.1007/3-540-09724-4},
  editor    = {Goos, G. and Hartmanis, J. and Brauer, W. and Brinch Hansen, P. and Gries, D. and Moler, C. and Seegm{\"u}ller, G. and Stoer, J. and Wirth, N.},
  file      = {/home/sguillou/Zotero/storage/GSDE8UFJ/Gordon et al. - 1979 - Edinburgh LCF.pdf},
  isbn      = {978-3-540-09724-2 978-3-540-38526-4},
  keywords  = {computation,logic},
  publisher = {{Springer}},
  series    = {Lecture {{Notes}} in {{Computer Science}}},
  title     = {Edinburgh {{LCF}}},
  urldate   = {2023-02-16},
  volume    = {78},
  year      = {1979}
}

@incollection{gordonSetTheoryHigher1996,
  address   = {{Berlin, Heidelberg}},
  author    = {Gordon, Mike},
  booktitle = {Theorem {{Proving}} in {{Higher Order Logics}}},
  doi       = {10.1007/BFb0105405},
  editor    = {Brauer, W. and Gries, D. and Stoer, J. and Goos, Gerhard and Hartmanis, Juris and {van Leeuwen}, Jan and {von Wright}, Joakim and Grundy, Jim and Harrison, John},
  file      = {/home/sguillou/Zotero/storage/CU4NYIV8/Gordon - 1996 - Set theory, higher order logic or both.pdf},
  isbn      = {978-3-540-61587-3 978-3-540-70641-0},
  langid    = {english},
  pages     = {191--201},
  publisher = {{Springer Berlin Heidelberg}},
  title     = {Set Theory, Higher Order Logic or Both?},
  urldate   = {2020-12-04},
  volume    = {1125},
  year      = {1996}
}

@article{gradelDominoesComplexitySubclasses1989,
  author  = {Gr{\"a}del, Erich},
  doi     = {10.1016/0168-0072(89)90023-7},
  file    = {/home/sguillou/Zotero/storage/C2PCLUYF/Gr√§del - 1989 - Dominoes and the complexity of subclasses of logic.pdf;/home/sguillou/Zotero/storage/MK6ST48Q/0168007289900237.html},
  issn    = {0168-0072},
  journal = {Annals of Pure and Applied Logic},
  langid  = {english},
  month   = jun,
  number  = {1},
  pages   = {1--30},
  title   = {Dominoes and the Complexity of Subclasses of Logical Theories},
  urldate = {2021-07-09},
  volume  = {43},
  year    = {1989}
}

@article{guillenMATHEMATICSMAY2018,
  author = {Guillen, Alejandro Manuel and Freese, Ralph and Nation, J B and Ross, David and {Kjos-Hanssen}, Bj{\o}rn and Crosby, Martha},
  file   = {/home/sguillou/Zotero/storage/KIRWAMEK/Guillen et al. - MATHEMATICS MAY 2018.pdf},
  langid = {english},
  pages  = {41},
  title  = {{{MATHEMATICS MAY}} 2018}
}

@inproceedings{guilloudEquivalenceCheckingOrthocomplemented2022,
  address   = {{Cham}},
  author    = {Guilloud, Simon and Kun{\v c}ak, Viktor},
  booktitle = {Tools and {{Algorithms}} for the {{Construction}} and {{Analysis}} of {{Systems}}},
  copyright = {All rights reserved},
  doi       = {10.1007/978-3-030-99527-0_11},
  editor    = {Fisman, Dana and Rosu, Grigore},
  file      = {/home/sguillou/Zotero/storage/7GLKMGFQ/Guilloud and Kunƒçak - 2022 - Equivalence Checking for Orthocomplemented Bisemil.pdf},
  isbn      = {978-3-030-99527-0},
  langid    = {english},
  pages     = {196--214},
  publisher = {{Springer International Publishing}},
  series    = {Lecture {{Notes}} in {{Computer Science}}},
  title     = {Equivalence {{Checking}} for {{Orthocomplemented Bisemilattices}} in {{Log-Linear Time}}},
  year      = {2022}
}

@inproceedings{guilloudFormulaNormalizationsVerification2023,
  address   = {{Paris}},
  author    = {Guilloud, Simon and Bucev, Mario and Milovancevic, Dragana and Kuncak, Viktor},
  booktitle = {35th {{International Conference}} on {{Computer Aided Verification}}},
  copyright = {All rights reserved},
  pages     = {-},
  publisher = {{Springer}},
  series    = {Lecture {{Notes}} in {{Computer Science}}},
  title     = {Formula {{Normalizations}} in {{Verification}}},
  year      = {2023}
}

@article{guilloudLISAFoundationalTheorem,
  author    = {Guilloud, Simon and Cassayre, Florian and Kun{\v c}ak, Viktor},
  copyright = {All rights reserved},
  file      = {/home/sguillou/Zotero/storage/E8NT4Q6C/Guilloud et al. - LISA Towards a Foundational Theorem Prover.pdf},
  langid    = {english},
  title     = {{{LISA}}: {{Towards}} a {{Foundational Theorem Prover}}}
}

@inproceedings{guilloudLISAModernProof2023,
  address   = {{Bialystok}},
  author    = {Guilloud, Simon and Gambhir, Sankalp and Kuncak, Viktor},
  booktitle = {14th {{Conference}} on {{Interactive Theorem Proving}}},
  copyright = {All rights reserved},
  keywords  = {First Order Logic,Interactive Theorem Proving,Proof System},
  pages     = {0},
  publisher = {{Daghstuhl}},
  series    = {Leibniz {{International Proceedings}} in {{Informatics}}},
  title     = {{{LISA}} \textendash{} {{A Modern Proof System}}},
  year      = {2023}
}

@misc{guilloudLISAReferenceManual2023,
  author       = {Guilloud, Simon},
  copyright    = {Apache-2.0},
  howpublished = {EPFL-LARA},
  month        = feb,
  title        = {{{LISA Reference Manual}}},
  urldate      = {2023-02-16},
  year         = {2023}
}

@misc{guilloudOrthologicAxioms2023,
  archiveprefix = {arxiv},
  author        = {Guilloud, Simon and Kuncak, Viktor},
  copyright     = {All rights reserved},
  doi           = {10.48550/arXiv.2307.07569},
  eprint        = {2307.07569},
  file          = {/home/sguillou/Zotero/storage/SMNMGSB4/Guilloud and Kuncak - 2023 - Orthologic with Axioms.pdf;/home/sguillou/Zotero/storage/49N6BSQG/2307.html},
  keywords      = {Computer Science - Logic in Computer Science,Mathematics - Logic},
  month         = jul,
  number        = {arXiv:2307.07569},
  primaryclass  = {cs, math},
  publisher     = {{arXiv}},
  title         = {Orthologic with {{Axioms}}},
  urldate       = {2023-08-24},
  year          = {2023}
}

@article{gveroCompleteCompletionUsing,
  author   = {Gvero, Tihomir and Kuncak, Viktor and Kuraj, Ivan and Piskac, Ruzica},
  file     = {/home/sguillou/Zotero/storage/KH6S4JBF/Gvero et al. - Complete Completion using Types and Weights.pdf},
  keywords = {Print,Read},
  langid   = {english},
  pages    = {12},
  title    = {Complete {{Completion}} Using {{Types}} and {{Weights}}}
}

@inproceedings{haasePresburgerArithmeticStars2019,
  author    = {Haase, C. and Zetzsche, G.},
  booktitle = {2019 34th {{Annual ACM}}/{{IEEE Symposium}} on {{Logic}} in {{Computer Science}} ({{LICS}})},
  doi       = {10.1109/LICS.2019.8785850},
  file      = {/home/sguillou/Zotero/storage/2ET9TMU2/Haase and Zetzsche - 2019 - Presburger arithmetic with stars, rational subsets.pdf},
  keywords  = {Automata,automata theory,computational complexity,Computational complexity,Computational modeling,Computer science,decidability,decidable rational subset membership problem,decision problems,finite undirected graph,fixed graph group,Grammar,graph parameter,group theory,integer vector addition systems,Kleene-star operator,NP-completeness,polynomials,Pres-burger arithmetic,rational subsets,reachability analysis,reachability problem,satisfiability problem,set theory,Tools,zero tests,zero-tests},
  month     = jun,
  pages     = {1--14},
  title     = {Presburger Arithmetic with Stars, Rational Subsets of Graph Groups, and Nested Zero Tests},
  year      = {2019}
}

@phdthesis{haddadIntegratingAutomatedTheorem2021,
  author  = {Haddad, Yacine El},
  file    = {/home/sguillou/Zotero/storage/CLPL2CBQ/Haddad - 2021 - Integrating Automated Theorem Provers in Proof Ass.pdf},
  langid  = {english},
  month   = sep,
  school  = {Universit\'e Paris-Saclay},
  title   = {Integrating {{Automated Theorem Provers}} in {{Proof Assistants}}},
  urldate = {2023-03-16},
  year    = {2021}
}

@article{halesFORMALPROOFKEPLER2017,
  author  = {Hales, Thomas and Adams, Mark and Bauer, Gertrud and Dang, Tat Dat and Harrison, John and Hoang, Le Truong and Kaliszyk, Cezary and Magron, Victor and Mclaughlin, Sean and Nguyen, Tat~Thang and Nguyen, Quang Truong and Nipkow, Tobias and Obua, Steven and Pleso, Joseph and Rute, Jason and Solovyev, Alexey and Ta, Thi Hoai An and Tran, Nam Trung and Trieu, Thi Diep and Urban, Josef and Vu, Ky and Zumkeller, Roland},
  doi     = {10.1017/fmp.2017.1},
  file    = {/home/sguillou/Zotero/storage/F5AMQT5Q/Hales et al. - 2017 - A FORMAL PROOF OF THE KEPLER CONJECTURE.pdf},
  issn    = {2050-5086},
  journal = {Forum of Mathematics, Pi},
  langid  = {english},
  pages   = {e2},
  title   = {A {{FORMAL PROOF OF THE KEPLER CONJECTURE}}},
  urldate = {2022-06-20},
  volume  = {5},
  year    = {2017}
}

@misc{HandbookProofTheory,
  file         = {/home/sguillou/Zotero/storage/9ED3YNBG/978-0-444-89840-1.html},
  howpublished = {https://www.elsevier.com/books/handbook-of-proof-theory/buss/978-0-444-89840-1},
  title        = {Handbook of {{Proof Theory}}, {{Volume}} 137 - 1st {{Edition}}},
  urldate      = {2023-03-25}
}

@article{hardegreeMaterialImplicationOrthomodular1981,
  author  = {Hardegree, Gary M.},
  doi     = {10.1305/ndjfl/1093883401},
  file    = {/home/sguillou/Zotero/storage/M66K7KR5/Hardegree - 1981 - Material implication in orthomodular (and Boolean).pdf},
  issn    = {0029-4527},
  journal = {Notre Dame Journal of Formal Logic},
  langid  = {english},
  month   = apr,
  number  = {2},
  pages   = {163--182},
  title   = {Material Implication in Orthomodular (and {{Boolean}}) Lattices.},
  urldate = {2021-09-21},
  volume  = {22},
  year    = {1981}
}

@article{harrisonHOLLightManual,
  author   = {Harrison, John},
  file     = {/home/sguillou/Zotero/storage/LQG76PNZ/Harrison - The HOL Light manual (1.1).pdf},
  keywords = {Read},
  langid   = {english},
  pages    = {116},
  title    = {The {{HOL Light}} Manual (1.1)}
}

@incollection{harrisonHOLLightOverview2009,
  address    = {{Berlin, Heidelberg}},
  author     = {Harrison, John},
  booktitle  = {Theorem {{Proving}} in {{Higher Order Logics}}},
  doi        = {10.1007/978-3-642-03359-9_4},
  editor     = {Berghofer, Stefan and Nipkow, Tobias and Urban, Christian and Wenzel, Makarius},
  file       = {/home/sguillou/Zotero/storage/57CTTIRK/Harrison - 2009 - HOL Light An Overview.pdf},
  isbn       = {978-3-642-03358-2 978-3-642-03359-9},
  langid     = {english},
  pages      = {60--66},
  publisher  = {{Springer Berlin Heidelberg}},
  shorttitle = {{{HOL Light}}},
  title      = {{{HOL Light}}: {{An Overview}}},
  urldate    = {2020-10-28},
  volume     = {5674},
  year       = {2009}
}

@article{harrisonHOLLightPrimitive,
  author   = {Harrison, John and Richter, Bill},
  file     = {/home/sguillou/Zotero/storage/3NI7F2II/Harrison and Richter - THE HOL LIGHT PRIMITIVE INFERENCE RULES IMPLY THE .pdf},
  keywords = {Read},
  langid   = {english},
  pages    = {17},
  title    = {The {{HOL Light Primitive Inference Rules}} Imply the {{Boolean Truth Tables}}}
}

@article{harrisonHOLLightTutorial,
  author   = {Harrison, John and Jf, Intel},
  file     = {/home/sguillou/Zotero/storage/L76S6WQ2/Harrison and Jf - HOL Light Tutorial (for version 2.20).pdf},
  keywords = {Read},
  langid   = {english},
  pages    = {230},
  title    = {{{HOL Light Tutorial}} (for Version 2.20)}
}

@inproceedings{harrisonLetMakeSet,
  address   = {{Aussois}},
  author    = {Harrison, John},
  booktitle = {Axiomatic Set Theory},
  file      = {/home/sguillou/Zotero/storage/JQW46D6M/Services - Let's make set theory great again!.pdf},
  keywords  = {Read},
  langid    = {english},
  pages     = {46},
  title     = {Let's Make Set Theory Great Again!}
}

@inproceedings{harrisonSelfverificationHOLLight2006,
  address   = {{Berlin, Heidelberg}},
  author    = {Harrison, John},
  booktitle = {Automated {{Reasoning}}},
  doi       = {10.1007/11814771_17},
  editor    = {Furbach, Ulrich and Shankar, Natarajan},
  file      = {/home/sguillou/Zotero/storage/RYMTFJTF/Harrison - 2006 - Towards Self-verification of HOL Light.pdf},
  isbn      = {978-3-540-37188-5},
  keywords  = {Boolean Type,Concrete Syntax,Mathematical Axiom,Polymorphic Type,Proof Checker},
  langid    = {english},
  pages     = {177--191},
  publisher = {{Springer}},
  series    = {Lecture {{Notes}} in {{Computer Science}}},
  title     = {Towards {{Self-verification}} of {{HOL Light}}},
  year      = {2006}
}

@inproceedings{henzingerAbstractionsProofs2004,
  author    = {Henzinger, Thomas A. and Jhala, Ranjit and Majumdar, Rupak and McMillan, Kenneth L.},
  booktitle = {Proceedings of the 31st {{ACM SIGPLAN-SIGACT Symposium}} on {{Principles}} of {{Programming Languages}}, {{POPL}} 2004, {{Venice}}, {{Italy}}, {{January}} 14-16, 2004},
  doi       = {10.1145/964001.964021},
  editor    = {Jones, Neil D. and Leroy, Xavier},
  pages     = {232--244},
  publisher = {{ACM}},
  title     = {Abstractions from Proofs},
  year      = {2004}
}

@article{herrmannVarietiesModularOrtholattices,
  author = {Herrmann, Christian and Roddy, Micheale S},
  file   = {/home/sguillou/Zotero/storage/LR4JDFRY/Herrmann and Roddy - On varieties of modular ortholattices which are ge.pdf},
  langid = {english},
  pages  = {9},
  title  = {On Varieties of Modular Ortholattices Which Are Generated by Their Finite-Dimensional Members}
}

@misc{HierarchiesPolynomiallySolvable,
  file         = {/home/sguillou/Zotero/storage/C5UQ9T3U/BF02127974.html},
  howpublished = {https://link.springer.com/article/10.1007/BF02127974},
  title        = {Hierarchies of Polynomially Solvable Satisfiability Problems | {{SpringerLink}}},
  urldate      = {2023-06-10}
}

@article{hietalaVerifiedOptimizerQuantum2021,
  author   = {Hietala, Kesha and Rand, Robert and Hung, Shih-Han and Wu, Xiaodi and Hicks, Michael},
  doi      = {10.1145/3434318},
  file     = {/home/sguillou/Zotero/storage/FY8BLQTF/Hietala et al. - 2021 - A verified optimizer for Quantum circuits.pdf},
  journal  = {Proceedings of the ACM on Programming Languages},
  keywords = {Certified Compilation,Circuit Optimization,Formal Verification,Programming Languages,Quantum Computing},
  month    = jan,
  number   = {POPL},
  pages    = {37:1--37:29},
  title    = {A Verified Optimizer for {{Quantum}} Circuits},
  urldate  = {2023-06-23},
  volume   = {5},
  year     = {2021}
}

@inproceedings{hoderInterpolationSymbolElimination2010,
  author    = {Hoder, Krystof and Kov{\'a}cs, Laura and Voronkov, Andrei},
  booktitle = {Automated {{Reasoning}}, 5th {{International Joint Conference}}, {{IJCAR}} 2010, {{Edinburgh}}, {{UK}}, {{July}} 16-19, 2010. {{Proceedings}}},
  doi       = {10.1007/978-3-642-14203-1_16},
  editor    = {Giesl, J{\"u}rgen and H{\"a}hnle, Reiner},
  pages     = {188--195},
  publisher = {{Springer}},
  series    = {Lecture {{Notes}} in {{Computer Science}}},
  title     = {Interpolation and {{Symbol Elimination}} in {{Vampire}}},
  urldate   = {2023-09-05},
  volume    = {6173},
  year      = {2010}
}

@article{hojjatELDARICAHornSolver2018,
  address   = {{Austin, TX}},
  author    = {Hojjat, Hossein and Rummer, Philipp},
  doi       = {10.23919/FMCAD.2018.8603013},
  file      = {/home/sguillou/Zotero/storage/FCDP8MUE/Hojjat and Rummer - 2018 - The ELDARICA Horn Solver.pdf},
  isbn      = {9780983567882},
  journal   = {2018 Formal Methods in Computer Aided Design (FMCAD)},
  month     = oct,
  pages     = {1--7},
  publisher = {{IEEE}},
  title     = {The {{ELDARICA Horn Solver}}},
  urldate   = {2023-09-05},
  year      = {2018}
}

@article{hollidayFundamentalNonClassicalLogic2023,
  author  = {Holliday, Wesley H.},
  doi     = {10.3390/logics1010004},
  file    = {/home/sguillou/Zotero/storage/CARUH8WL/Holliday - 2023 - A Fundamental Non-Classical Logic.pdf},
  issn    = {2813-0405},
  journal = {Logics},
  langid  = {english},
  month   = mar,
  number  = {1},
  pages   = {36--79},
  title   = {A {{Fundamental Non-Classical Logic}}},
  urldate = {2023-06-04},
  volume  = {1},
  year    = {2023}
}

@misc{hollidayOrthologicEpistemicModals2022,
  author    = {Holliday, Wesley H. and Mandelkern, Matthew},
  copyright = {arXiv.org perpetual, non-exclusive license},
  doi       = {10.48550/ARXIV.2203.02872},
  file      = {/home/sguillou/Zotero/storage/RXLKNHLV/Holliday et Mandelkern - 2022 - The Orthologic of Epistemic Modals.pdf},
  keywords  = {{03B65, 03B45, 03B60, 03G10},F.4.m,FOS: Computer and information sciences,Logic in Computer Science (cs.LO)},
  publisher = {{arXiv}},
  title     = {The {{Orthologic}} of {{Epistemic Modals}}},
  urldate   = {2023-06-04},
  year      = {2022}
}

@misc{HOLOmegaLogicTheorem,
  howpublished = {http://www.trustworthytools.com/id17.html},
  title        = {The {{HOL-Omega Logic}} and {{Theorem Prover}}},
  urldate      = {2020-10-01}
}

@incollection{homeierHOLOmegaLogic2009,
  address   = {{Berlin, Heidelberg}},
  author    = {Homeier, Peter V.},
  booktitle = {Theorem {{Proving}} in {{Higher Order Logics}}},
  doi       = {10.1007/978-3-642-03359-9_18},
  editor    = {Berghofer, Stefan and Nipkow, Tobias and Urban, Christian and Wenzel, Makarius},
  file      = {/home/sguillou/Zotero/storage/NCLEV22Q/Homeier - 2009 - The HOL-Omega Logic.pdf},
  isbn      = {978-3-642-03358-2 978-3-642-03359-9},
  langid    = {english},
  pages     = {244--259},
  publisher = {{Springer Berlin Heidelberg}},
  title     = {The {{HOL-Omega Logic}}},
  urldate   = {2020-10-02},
  volume    = {5674},
  year      = {2009}
}

@article{hopcroftDesignAnalysisComputer,
  author = {Hopcroft, John and UIIman, Jeffrey and Aho, Alfred},
  file   = {/home/sguillou/Zotero/storage/K2G4BBLM/Hopcroft et UIIman - Alfred V. Aho Bell Laboratories.pdf},
  langid = {english},
  pages  = {479},
  title  = {The {{Design And Analysis Of Computer Algorithms}}}
}

@article{huCongruenceClosureACI,
  author = {Hu, Tanji and Givan, Robert},
  file   = {/home/sguillou/Zotero/storage/KJ9TC2K9/Hu et Givan - Congruence closure with ACI function symbols.pdf},
  langid = {english},
  pages  = {15},
  title  = {Congruence Closure with {{ACI}} Function Symbols}
}

@article{huntComputationalComplexityAlgebra1987,
  author    = {Hunt, H. B., Iii and Rosenkrantz, D. J. and Bloniarz, P. A.},
  doi       = {10.1137/0216011},
  issn      = {0097-5397},
  journal   = {SIAM Journal on Computing},
  keywords  = {03G10,06B,06B25,06D,68Q25,68Q40,computational complexity,deterministic polynomial time,distributive lattice,finite lattice,formula equivalence,formula minimization,free lattice,lattice,NP-hardness},
  month     = feb,
  number    = {1},
  pages     = {129--148},
  publisher = {{Society for Industrial and Applied Mathematics}},
  title     = {On the {{Computational Complexity}} of {{Algebra}} on {{Lattices}}},
  urldate   = {2021-09-27},
  volume    = {16},
  year      = {1987}
}

@article{hyckoImplicationsEquivalencesOrthomodular2005,
  author  = {Hy{\v c}ko, Marek},
  doi     = {10.1515/dema-2005-0402},
  file    = {/home/sguillou/Zotero/storage/847HSZ9C/Hyƒçko - 2005 - Implications and equivalences in orthomodular latt.pdf},
  journal = {Demonstratio Mathematica [electronic only]},
  month   = oct,
  pages   = {III--792},
  title   = {Implications and Equivalences in Orthomodular Lattices},
  volume  = {38},
  year    = {2005}
}

@article{ibarakiFunctionalDependenciesQHorn2001,
  author   = {Ibaraki, Toshihide and Kogan, Alexander and Makino, Kazuhisa},
  doi      = {10.1016/S0004-3702(01)00118-7},
  file     = {/home/sguillou/Zotero/storage/UTBYYLJB/Ibaraki et al. - 2001 - On functional dependencies in q-Horn theories.pdf;/home/sguillou/Zotero/storage/SAMY75BD/S0004370201001187.html},
  issn     = {0004-3702},
  journal  = {Artificial Intelligence},
  keywords = {Computational complexity,Condensation,Conjunctive normal form,Functional dependency,Knowledge representation,q-Horn theory},
  langid   = {english},
  month    = sep,
  number   = {1},
  pages    = {171--187},
  title    = {On Functional Dependencies in Q-{{Horn}} Theories},
  urldate  = {2023-06-10},
  volume   = {131},
  year     = {2001}
}

@inproceedings{ihlemannLocalReasoningVerification2008,
  address   = {{Berlin, Heidelberg}},
  author    = {Ihlemann, Carsten and Jacobs, Swen and {Sofronie-Stokkermans}, Viorica},
  booktitle = {Proceedings of the {{Theory}} and Practice of Software, 14th International Conference on {{Tools}} and Algorithms for the Construction and Analysis of Systems},
  isbn      = {978-3-540-78799-0},
  month     = mar,
  pages     = {265--281},
  publisher = {{Springer-Verlag}},
  series    = {{{TACAS}}'08/{{ETAPS}}'08},
  title     = {On Local Reasoning in Verification},
  urldate   = {2023-03-30},
  year      = {2008}
}

@inproceedings{ihlemannLocalReasoningVerification2008a,
  address   = {{Berlin, Heidelberg}},
  author    = {Ihlemann, Carsten and Jacobs, Swen and {Sofronie-Stokkermans}, Viorica},
  booktitle = {Proceedings of the {{Theory}} and Practice of Software, 14th International Conference on {{Tools}} and Algorithms for the Construction and Analysis of Systems},
  isbn      = {978-3-540-78799-0},
  month     = mar,
  pages     = {265--281},
  publisher = {{Springer-Verlag}},
  series    = {{{TACAS}}'08/{{ETAPS}}'08},
  title     = {On Local Reasoning in Verification},
  urldate   = {2023-03-30},
  year      = {2008}
}

@book{jechSetTheory1978,
  address   = {{New York}},
  author    = {Jech, Thomas J.},
  file      = {/home/sguillou/Zotero/storage/RAVKULB5/Jech - 1978 - Set theory.pdf},
  isbn      = {978-0-12-381950-5},
  keywords  = {Set theory},
  langid    = {english},
  lccn      = {QA3 QA248 .P8 vol. 79},
  number    = {79},
  publisher = {{Academic Press}},
  series    = {Pure and Applied Mathematics, a Series of Monographs and Textbooks},
  title     = {Set Theory},
  year      = {1978}
}

@article{kahnTopologicalSortingLarge1962,
  author  = {Kahn, A. B.},
  doi     = {10.1145/368996.369025},
  file    = {/home/sguillou/Zotero/storage/YEWYTUD4/Kahn - 1962 - Topological sorting of large networks.pdf},
  issn    = {0001-0782},
  journal = {Communications of the ACM},
  month   = nov,
  number  = {11},
  pages   = {558--562},
  title   = {Topological Sorting of Large Networks},
  urldate = {2021-10-11},
  volume  = {5},
  year    = {1962}
}

@book{kalmbachOrthomodularLattices1983,
  address   = {{London ; New York}},
  author    = {Kalmbach, Gudrun},
  file      = {/home/sguillou/Zotero/storage/U3M3ISQV/(London Mathematical Society Monographs) G. Kalmbach - Orthomodular Lattices-Academic Press (1983).djvu},
  isbn      = {978-0-12-394580-8},
  langid    = {Anglais},
  month     = mar,
  publisher = {{Academic Press Inc}},
  title     = {{Orthomodular Lattices}},
  year      = {1983}
}

@incollection{kellerImportingHOLLight2010,
  address   = {{Berlin, Heidelberg}},
  author    = {Keller, Chantal and Werner, Benjamin},
  booktitle = {Interactive {{Theorem Proving}}},
  doi       = {10.1007/978-3-642-14052-5_22},
  editor    = {Hutchison, David and Kanade, Takeo and Kittler, Josef and Kleinberg, Jon M. and Mattern, Friedemann and Mitchell, John C. and Naor, Moni and Nierstrasz, Oscar and Pandu Rangan, C. and Steffen, Bernhard and Sudan, Madhu and Terzopoulos, Demetri and Tygar, Doug and Vardi, Moshe Y. and Weikum, Gerhard and Kaufmann, Matt and Paulson, Lawrence C.},
  file      = {/home/sguillou/Zotero/storage/GLB8ZWCV/Keller and Werner - 2010 - Importing HOL Light into Coq.pdf},
  isbn      = {978-3-642-14051-8 978-3-642-14052-5},
  langid    = {english},
  pages     = {307--322},
  publisher = {{Springer Berlin Heidelberg}},
  title     = {Importing {{HOL Light}} into {{Coq}}},
  urldate   = {2020-11-30},
  volume    = {6172},
  year      = {2010}
}

@article{kirstCategoricityResultsLarge2019,
  author  = {Kirst, Dominik and Smolka, Gert},
  doi     = {10.1007/s10817-018-9480-6},
  file    = {/home/sguillou/Zotero/storage/A5GM4HUL/Kirst and Smolka - 2019 - Categoricity Results and Large Model Constructions.pdf},
  issn    = {1573-0670},
  journal = {Journal of Automated Reasoning},
  langid  = {english},
  month   = aug,
  number  = {2},
  pages   = {415--438},
  title   = {Categoricity {{Results}} and {{Large Model Constructions}} for {{Second-Order ZF}} in {{Dependent Type Theory}}},
  urldate = {2020-10-11},
  volume  = {63},
  year    = {2019}
}

@incollection{kojevnikovFindingEfficientCircuits2009,
  address   = {{Berlin, Heidelberg}},
  author    = {Kojevnikov, Arist and Kulikov, Alexander S. and Yaroslavtsev, Grigory},
  booktitle = {Theory and {{Applications}} of {{Satisfiability Testing}} - {{SAT}} 2009},
  doi       = {10.1007/978-3-642-02777-2_5},
  editor    = {Kullmann, Oliver},
  file      = {/home/sguillou/Zotero/storage/WEJXR7DV/Kojevnikov et al. - 2009 - Finding Efficient Circuits Using SAT-Solvers.pdf},
  isbn      = {978-3-642-02776-5 978-3-642-02777-2},
  langid    = {english},
  pages     = {32--44},
  publisher = {{Springer Berlin Heidelberg}},
  title     = {Finding {{Efficient Circuits Using SAT-Solvers}}},
  urldate   = {2022-09-23},
  volume    = {5584},
  year      = {2009}
}

@inproceedings{kovacsFindingLoopInvariants2009,
  address   = {{Berlin, Heidelberg}},
  author    = {Kov{\'a}cs, Laura and Voronkov, Andrei},
  booktitle = {Fundamental {{Approaches}} to {{Software Engineering}}},
  doi       = {10.1007/978-3-642-00593-0_33},
  editor    = {Chechik, Marsha and Wirsing, Martin},
  file      = {/home/sguillou/Zotero/storage/WAVKP7L3/Kov√°cs and Voronkov - 2009 - Finding Loop Invariants for Programs over Arrays U.pdf},
  isbn      = {978-3-642-00593-0},
  keywords  = {Array Variable,Invariant Generation,Loop Counter,Predicate Symbol,Scalar Variable},
  langid    = {english},
  pages     = {470--485},
  publisher = {{Springer}},
  series    = {Lecture {{Notes}} in {{Computer Science}}},
  title     = {Finding {{Loop Invariants}} for {{Programs}} over {{Arrays Using}} a {{Theorem Prover}}},
  year      = {2009}
}

@inproceedings{kovacsFirstOrderTheoremProving2013,
  address   = {{Berlin, Heidelberg}},
  author    = {Kov{\'a}cs, Laura and Voronkov, Andrei},
  booktitle = {Computer {{Aided Verification}}},
  doi       = {10.1007/978-3-642-39799-8_1},
  editor    = {Sharygina, Natasha and Veith, Helmut},
  file      = {/home/sguillou/Zotero/storage/Q7BL5WK6/Kov√°cs and Voronkov - 2013 - First-Order Theorem Proving and Vampire.pdf},
  isbn      = {978-3-642-39799-8},
  keywords  = {Empty Clause,Inference Process,Predicate Symbol,Proof Search,Theorem Prove},
  langid    = {english},
  pages     = {1--35},
  publisher = {{Springer}},
  series    = {Lecture {{Notes}} in {{Computer Science}}},
  title     = {First-{{Order Theorem Proving}} and {{Vampire}}},
  year      = {2013}
}

@article{krivineProgramFullAxiom2021,
  archiveprefix = {arxiv},
  author        = {Krivine, Jean-Louis},
  eprint        = {2006.05433},
  file          = {/home/sguillou/Zotero/storage/4RFM78FA/Krivine - 2021 - A program for the full axiom of choice.pdf},
  journal       = {arXiv:2006.05433 [cs, math]},
  keywords      = {03E40,Computer Science - Logic in Computer Science,F.4.1,Mathematics - Logic},
  langid        = {english},
  month         = jan,
  primaryclass  = {cs, math},
  title         = {A Program for the Full Axiom of Choice},
  urldate       = {2021-03-16},
  year          = {2021}
}

@inproceedings{kroeningInterpolationBasedSoftwareVerification2011,
  author    = {Kroening, Daniel and Weissenbacher, Georg},
  booktitle = {Computer {{Aided Verification}} - 23rd {{International Conference}}, {{CAV}} 2011, {{Snowbird}}, {{UT}}, {{USA}}, {{July}} 14-20, 2011. {{Proceedings}}},
  doi       = {10.1007/978-3-642-22110-1_45},
  editor    = {Gopalakrishnan, Ganesh and Qadeer, Shaz},
  file      = {/home/sguillou/Zotero/storage/4XG57EA5/Kroening and Weissenbacher - 2011 - Interpolation-Based Software Verification with Wol.pdf},
  pages     = {573--578},
  publisher = {{Springer}},
  series    = {Lecture {{Notes}} in {{Computer Science}}},
  title     = {Interpolation-{{Based Software Verification}} with {{Wolverine}}},
  urldate   = {2023-09-05},
  volume    = {6806},
  year      = {2011}
}

@article{kunenNegationLogicProgramming1987,
  author  = {Kunen, Kenneth},
  doi     = {10.1016/0743-1066(87)90007-0},
  file    = {/home/sguillou/Zotero/storage/2MN8PU5U/Kunen - 1987 - Negation in logic programming.pdf},
  issn    = {07431066},
  journal = {The Journal of Logic Programming},
  langid  = {english},
  month   = dec,
  number  = {4},
  pages   = {289--308},
  title   = {Negation in Logic Programming},
  urldate = {2023-06-26},
  volume  = {4},
  year    = {1987}
}

@article{kunenNegationLogicProgramming1987a,
  author  = {Kunen, Kenneth},
  doi     = {10.1016/0743-1066(87)90007-0},
  file    = {/home/sguillou/Zotero/storage/SVH5TQ7I/Kunen - 1987 - Negation in logic programming.pdf;/home/sguillou/Zotero/storage/7E8GFNRR/0743106687900070.html},
  issn    = {0743-1066},
  journal = {The Journal of Logic Programming},
  langid  = {english},
  month   = dec,
  number  = {4},
  pages   = {289--308},
  title   = {Negation in Logic Programming},
  urldate = {2023-06-26},
  volume  = {4},
  year    = {1987}
}

@book{kunenSetTheoryIntroduction1983,
  address   = {{Amsterdam Heidelberg}},
  author    = {Kunen, Kenneth},
  edition   = {Reprint edition},
  isbn      = {978-0-444-86839-8},
  langid    = {english},
  month     = dec,
  publisher = {{North Holland}},
  title     = {Set {{Theory An Introduction To Independence Proofs}}},
  year      = {1983}
}

@article{lamportShouldYourSpecification1999,
  author  = {Lamport, Leslie and Paulson, Lawrence C.},
  doi     = {10.1145/319301.319317},
  file    = {/home/sguillou/Zotero/storage/4W45UP2I/Lamport et Paulson - 1999 - Should your specification language be typed.pdf},
  issn    = {0164-0925, 1558-4593},
  journal = {ACM Transactions on Programming Languages and Systems},
  langid  = {english},
  month   = may,
  number  = {3},
  pages   = {502--526},
  title   = {Should Your Specification Language Be Typed},
  urldate = {2021-05-11},
  volume  = {21},
  year    = {1999}
}

@inproceedings{laurentFocusingOrthologic2016,
  address   = {{Porto, Portugal}},
  author    = {Laurent, Olivier},
  booktitle = {1st {{International Conference}} on {{Formal Structures}} for {{Computation}} and {{Deduction}}, {{FSCD}} 2016, {{June}} 22-26, 2016, {{Porto}}, {{Portugal}}},
  doi       = {10.4230/LIPIcs.FSCD.2016.25},
  editor    = {Kesner, Delia and Pientka, Brigitte},
  file      = {/home/sguillou/Zotero/storage/WAHXYNXH/Laurent - 2016 - Focusing in Orthologic.pdf},
  pages     = {25:1--25:17},
  publisher = {{Schloss Dagstuhl - Leibniz-Zentrum f\"ur Informatik}},
  series    = {{{LIPIcs}}},
  title     = {Focusing in {{Orthologic}}},
  volume    = {52},
  year      = {2016}
}

@article{lavaletteInterpolationFragmentsIntuitionistic1989,
  author     = {de Lavalette, Gerard R. Renardel},
  doi        = {10.2307/2274823},
  eprint     = {2274823},
  eprinttype = {jstor},
  file       = {/home/sguillou/Zotero/storage/54WY72VI/Lavalette - 1989 - Interpolation in Fragments of Intuitionistic Propo.pdf},
  issn       = {0022-4812},
  journal    = {The Journal of Symbolic Logic},
  number     = {4},
  pages      = {1419--1430},
  publisher  = {{Association for Symbolic Logic}},
  title      = {Interpolation in {{Fragments}} of {{Intuitionistic Propositional Logic}}},
  urldate    = {2023-09-04},
  volume     = {54},
  year       = {1989}
}

@article{leeProofirrelevantModelCC2011,
  author   = {Lee, Gyesik and Werner, Benjamin},
  doi      = {10.2168/LMCS-7(4:5)2011},
  editor   = {Barendregt, Henk},
  file     = {/home/sguillou/Zotero/storage/MMQSFUN7/Lee and Werner - 2011 - Proof-irrelevant model of CC with predicative indu.pdf},
  issn     = {18605974},
  journal  = {Logical Methods in Computer Science},
  keywords = {Print},
  langid   = {english},
  month    = nov,
  number   = {4},
  pages    = {5},
  title    = {Proof-Irrelevant Model of {{CC}} with Predicative Induction and Judgmental Equality},
  urldate  = {2020-10-22},
  volume   = {7},
  year     = {2011}
}

@inproceedings{lewisHazardDetectionQuinary1972,
  address   = {{New York, NY, USA}},
  author    = {Lewis, Daniel W.},
  booktitle = {Proceedings of the 9th {{Design Automation Workshop}}},
  doi       = {10.1145/800153.804941},
  file      = {/home/sguillou/Zotero/storage/HJSIU9YH/Lewis - 1972 - Hazard detection by a quinary simulation of logic .pdf},
  isbn      = {978-1-4503-7458-3},
  month     = jun,
  pages     = {157--164},
  publisher = {{Association for Computing Machinery}},
  series    = {{{DAC}} '72},
  title     = {Hazard Detection by a Quinary Simulation of Logic Devices with Bounded Propagation Delays},
  urldate   = {2021-09-10},
  year      = {1972}
}

@misc{Ltac2Coq16,
  file         = {/home/sguillou/Zotero/storage/JAFCQNID/ltac2.html},
  howpublished = {https://coq.inria.fr/refman/proof-engine/ltac2.html},
  title        = {Ltac2 \textemdash{} {{Coq}} 8.16.1 Documentation},
  urldate      = {2023-02-18}
}

@article{macneillePartiallyOrderedSets1937,
  author  = {MacNeille, H. M.},
  doi     = {10.1090/S0002-9947-1937-1501929-X},
  file    = {/home/sguillou/Zotero/storage/69GGAK76/MacNeille - 1937 - Partially ordered sets.pdf},
  issn    = {0002-9947, 1088-6850},
  journal = {Transactions of the American Mathematical Society},
  langid  = {english},
  number  = {3},
  pages   = {416--460},
  title   = {Partially Ordered Sets},
  urldate = {2023-08-24},
  volume  = {42},
  year    = {1937}
}

@article{madsenDatalogFlixDeclarative2016,
  address    = {{Santa Barbara CA USA}},
  author     = {Madsen, Magnus and Yee, Ming-Ho and Lhot{\'a}k, Ond{\v r}ej},
  doi        = {10.1145/2908080.2908096},
  file       = {/home/sguillou/Zotero/storage/4TQ6II37/Madsen et al. - 2016 - From Datalog to flix a declarative language for f.pdf},
  isbn       = {9781450342612},
  journal    = {Proceedings of the 37th ACM SIGPLAN Conference on Programming Language Design and Implementation},
  langid     = {english},
  month      = jun,
  pages      = {194--208},
  publisher  = {{ACM}},
  shorttitle = {From {{Datalog}} to Flix},
  title      = {From {{Datalog}} to Flix: A Declarative Language for Fixed Points on Lattices},
  urldate    = {2023-06-23},
  year       = {2016}
}

@inproceedings{madsenDatalogFlixDeclarative2016a,
  address    = {{New York, NY, USA}},
  author     = {Madsen, Magnus and Yee, Ming-Ho and Lhot{\'a}k, Ond{\v r}ej},
  booktitle  = {Proceedings of the 37th {{ACM SIGPLAN Conference}} on {{Programming Language Design}} and {{Implementation}}},
  doi        = {10.1145/2908080.2908096},
  file       = {/home/sguillou/Zotero/storage/PPFQTYMM/Madsen et al. - 2016 - From Datalog to flix a declarative language for f.pdf},
  isbn       = {978-1-4503-4261-2},
  keywords   = {Datalog,logic programming,static analysis},
  month      = jun,
  pages      = {194--208},
  publisher  = {{Association for Computing Machinery}},
  series     = {{{PLDI}} '16},
  shorttitle = {From {{Datalog}} to Flix},
  title      = {From {{Datalog}} to Flix: A Declarative Language for Fixed Points on Lattices},
  urldate    = {2023-06-26},
  year       = {2016}
}

@article{mathiasStrengthMacLane2001,
  author   = {Mathias, A. R. D.},
  doi      = {10.1016/S0168-0072(00)00031-2},
  file     = {/home/sguillou/Zotero/storage/JTUTR33I/Mathias - 2001 - The strength of Mac Lane set theory.pdf;/home/sguillou/Zotero/storage/DI88ZDS6/S0168007200000312.html},
  issn     = {0168-0072},
  journal  = {Annals of Pure and Applied Logic},
  keywords = {Axiom H spectacles,Conservative extension,Constructibility,Failure of collection,Failure of induction,Forcing over non-standard models,Forster\textendash Kaye set theory,Kripke\textendash Platek set theory,Mac Lane set theory,Mostowski's principle,Power-admissible set,Simple theory of types,Stratifiable formula},
  langid   = {english},
  month    = jun,
  number   = {1},
  pages    = {107--234},
  title    = {The Strength of {{Mac Lane}} Set Theory},
  urldate  = {2023-05-04},
  volume   = {110},
  year     = {2001}
}

@article{maziarzHashingModuloAlphaEquivalence2021,
  author   = {Maziarz, Krzysztof and Ellis, Tom and Lawrence, Alan and Fitzgibbon, Andrew and Jones, Simon Peyton},
  file     = {/home/sguillou/Zotero/storage/UVHXC8H2/Maziarz et al. - 2021 - Hashing Modulo Alpha-Equivalence.pdf},
  keywords = {Print,Read},
  langid   = {english},
  pages    = {17},
  title    = {Hashing {{Modulo Alpha-Equivalence}}},
  year     = {2021}
}

@article{mcallesterAutomaticRecognitionTractability1993,
  author   = {McAllester, David A.},
  doi      = {10.1145/151261.151265},
  file     = {/home/sguillou/Zotero/storage/VYUT3688/McAllester - 1993 - Automatic recognition of tractability in inference.pdf},
  issn     = {0004-5411},
  journal  = {Journal of the ACM},
  keywords = {automated reasoning,inference rules,machine inference,mechanical verification,polynomial-time algorithm,proof systems,proof theory,theorem proving},
  month    = apr,
  number   = {2},
  pages    = {284--303},
  title    = {Automatic Recognition of Tractability in Inference Relations},
  urldate  = {2022-01-17},
  volume   = {40},
  year     = {1993}
}

@inproceedings{mcmillanInterpolantsSymbolicModel2007,
  author    = {McMillan, Kenneth L.},
  booktitle = {Verification, {{Model Checking}}, and {{Abstract Interpretation}}, 8th {{International Conference}}, {{VMCAI}} 2007, {{Nice}}, {{France}}, {{January}} 14-16, 2007, {{Proceedings}}},
  doi       = {10.1007/978-3-540-69738-1_6},
  editor    = {Cook, Byron and Podelski, Andreas},
  pages     = {89--90},
  publisher = {{Springer}},
  series    = {Lecture {{Notes}} in {{Computer Science}}},
  title     = {Interpolants and {{Symbolic Model Checking}}},
  urldate   = {2023-08-28},
  volume    = {4349},
  year      = {2007}
}

@inproceedings{mcmillanInterpolationSATBasedModel2003,
  author    = {McMillan, Kenneth L.},
  booktitle = {Computer {{Aided Verification}}, 15th {{International Conference}}, {{CAV}} 2003, {{Boulder}}, {{CO}}, {{USA}}, {{July}} 8-12, 2003, {{Proceedings}}},
  doi       = {10.1007/978-3-540-45069-6_1},
  editor    = {Jr, Warren A. Hunt and Somenzi, Fabio},
  file      = {/home/sguillou/Zotero/storage/X3LWE3QP/McMillan - 2003 - Interpolation and SAT-Based Model Checking.pdf},
  pages     = {1--13},
  publisher = {{Springer}},
  series    = {Lecture {{Notes}} in {{Computer Science}}},
  title     = {Interpolation and {{SAT-Based Model Checking}}},
  urldate   = {2023-08-27},
  volume    = {2725},
  year      = {2003}
}

@inproceedings{mcmillanQuantifiedInvariantGeneration2008,
  author    = {McMillan, Kenneth L.},
  booktitle = {Tools and {{Algorithms}} for the {{Construction}} and {{Analysis}} of {{Systems}}, 14th {{International Conference}}, {{TACAS}} 2008, {{Held}} as {{Part}} of the {{Joint European Conferences}} on {{Theory}} and {{Practice}} of {{Software}}, {{ETAPS}} 2008, {{Budapest}}, {{Hungary}}, {{March}} 29-{{April}} 6, 2008. {{Proceedings}}},
  doi       = {10.1007/978-3-540-78800-3_31},
  editor    = {Ramakrishnan, C. R. and Rehof, Jakob},
  pages     = {413--427},
  publisher = {{Springer}},
  series    = {Lecture {{Notes}} in {{Computer Science}}},
  title     = {Quantified {{Invariant Generation Using}} an {{Interpolating Saturation Prover}}},
  urldate   = {2023-09-05},
  volume    = {4963},
  year      = {2008}
}

@techreport{mcmillanSolvingConstrainedHorn2013,
  author      = {McMillan, K. and Rybalchenko, A.},
  institution = {{Microsoft Research}},
  title       = {Solving {{Constrained Horn Clauses}} Using {{Interpolation}}},
  urldate     = {2023-06-10},
  year        = {2013}
}

@article{meinanderSolutionUniformWord2010,
  author    = {Meinander, Andrea},
  doi       = {10.1017/S0960129510000125},
  file      = {/home/sguillou/Zotero/storage/AZ2H533D/Meinander - 2010 - A solution of the uniform word problem for orthola.pdf;/home/sguillou/Zotero/storage/Y6FC9VVE/551A8CBABF42CCFD42886E9646061777.html},
  issn      = {1469-8072, 0960-1295},
  journal   = {Mathematical Structures in Computer Science},
  langid    = {english},
  month     = aug,
  number    = {4},
  pages     = {625--638},
  publisher = {{Cambridge University Press}},
  title     = {A Solution of the Uniform Word Problem for Ortholattices},
  urldate   = {2021-09-23},
  volume    = {20},
  year      = {2010}
}

@article{mendelsonIntroductionMathematicalLogic,
  author = {Mendelson, Elliott},
  file   = {/home/sguillou/Zotero/storage/NYN4AYZU/Mendelson - Introduction to Mathematical Logic, Sixth Edition.pdf},
  langid = {english},
  pages  = {499},
  title  = {Introduction to {{Mathematical Logic}}, {{Sixth Edition}}}
}

@book{mendelsonIntroductionMathematicalLogic1987,
  address   = {{Boston, MA}},
  author    = {Mendelson, Elliott},
  doi       = {10.1007/978-1-4615-7288-6},
  isbn      = {978-1-4615-7290-9 978-1-4615-7288-6},
  keywords  = {computability theory,mathematical logic,proof,set theory},
  langid    = {english},
  publisher = {{Springer US}},
  title     = {Introduction to {{Mathematical Logic}}},
  urldate   = {2023-07-05},
  year      = {1987}
}

@inproceedings{merzAutomaticVerificationTLA2012,
  address   = {{Berlin, Heidelberg}},
  author    = {Merz, Stephan and Vanzetto, Hern{\'a}n},
  booktitle = {Logic for {{Programming}}, {{Artificial Intelligence}}, and {{Reasoning}}},
  doi       = {10.1007/978-3-642-28717-6_23},
  editor    = {Bj{\o}rner, Nikolaj and Voronkov, Andrei},
  file      = {/home/sguillou/Zotero/storage/SPJJA9FN/Merz et Vanzetto - 2012 - Automatic Verification of TLA +  Proof Obligations.pdf},
  isbn      = {978-3-642-28717-6},
  keywords  = {Function Symbol,Input Language,Proof Obligation,Read,Type Assignment,Type Inference},
  langid    = {english},
  pages     = {289--303},
  publisher = {{Springer}},
  series    = {Lecture {{Notes}} in {{Computer Science}}},
  title     = {Automatic {{Verification}} of {{TLA}}\,+\, {{Proof Obligations}} with {{SMT Solvers}}},
  year      = {2012}
}

@article{micaliComputationallySoundProofs2000,
  author    = {Micali, Silvio},
  doi       = {10.1137/S0097539795284959},
  file      = {/home/sguillou/Zotero/storage/P8MD7SN2/Micali - 2000 - Computationally Sound Proofs.pdf},
  issn      = {0097-5397},
  journal   = {SIAM Journal on Computing},
  keywords  = {interactive proofs,Merkle trees,probabilistically checkable proofs,random oracles},
  month     = jan,
  number    = {4},
  pages     = {1253--1298},
  publisher = {{Society for Industrial and Applied Mathematics}},
  title     = {Computationally {{Sound Proofs}}},
  urldate   = {2022-05-27},
  volume    = {30},
  year      = {2000}
}

@article{minouxLTURSimplifiedLineartime1988,
  author     = {Minoux, Michel},
  doi        = {10.1016/0020-0190(88)90124-X},
  file       = {/home/sguillou/Zotero/storage/ZCUR36KM/Minoux - 1988 - LTUR a simplified linear-time unit resolution alg.pdf;/home/sguillou/Zotero/storage/QA3XRSN5/002001908890124X.html},
  issn       = {0020-0190},
  journal    = {Information Processing Letters},
  keywords   = {Horn formula,Propositional calculus,unit resolution},
  langid     = {english},
  month      = sep,
  number     = {1},
  pages      = {1--12},
  shorttitle = {{{LTUR}}},
  title      = {{{LTUR}}: A Simplified Linear-Time Unit Resolution Algorithm for Horn Formulae and Computer Implementation},
  urldate    = {2023-06-12},
  volume     = {29},
  year       = {1988}
}

@article{miyazakiPropertiesOrthologics2005,
  author     = {Miyazaki, Yutaka},
  eprint     = {20016705},
  eprinttype = {jstor},
  file       = {/home/sguillou/Zotero/storage/ZT5YTQ5B/Miyazaki - 2005 - Some Properties of Orthologics.pdf},
  issn       = {0039-3215},
  journal    = {Studia Logica: An International Journal for Symbolic Logic},
  number     = {1},
  pages      = {75--93},
  publisher  = {{Springer}},
  title      = {Some {{Properties}} of {{Orthologics}}},
  urldate    = {2023-03-30},
  volume     = {80},
  year       = {2005}
}

@inproceedings{mouraZ3EfficientSMT2008,
  author     = {de Moura, Leonardo Mendon{\c c}a and Bj{\o}rner, Nikolaj},
  booktitle  = {Tools and {{Algorithms}} for the {{Construction}} and {{Analysis}} of {{Systems}}, 14th {{International Conference}}, {{TACAS}} 2008, {{Held}} as {{Part}} of the {{Joint European Conferences}} on {{Theory}} and {{Practice}} of {{Software}}, {{ETAPS}} 2008, {{Budapest}}, {{Hungary}}, {{March}} 29-{{April}} 6, 2008. {{Proceedings}}},
  doi        = {10.1007/978-3-540-78800-3_24},
  editor     = {Ramakrishnan, C. R. and Rehof, Jakob},
  file       = {/home/sguillou/Zotero/storage/CERFSTMI/Moura et Bj√∏rner - 2008 - Z3 An Efficient SMT Solver.pdf},
  pages      = {337--340},
  publisher  = {{Springer}},
  series     = {Lecture {{Notes}} in {{Computer Science}}},
  shorttitle = {Z3},
  title      = {Z3: {{An Efficient SMT Solver}}},
  urldate    = {2021-09-29},
  volume     = {4963},
  year       = {2008}
}

@inproceedings{naumowiczBriefOverviewMizar2009,
  author    = {Naumowicz, Adam and Kornilowicz, Artur},
  booktitle = {Proceedings of the 22nd {{International Conference}} on {{Theorem Proving}} in {{Higher Order Logics}}},
  doi       = {10.1007/978-3-642-03359-9_5},
  file      = {/home/sguillou/Zotero/storage/DA8Z7WM5/Naumowicz et Kornilowicz - 2009 - A Brief Overview of Mizar.pdf},
  isbn      = {978-3-642-03358-2},
  month     = aug,
  pages     = {67--72},
  title     = {A {{Brief Overview}} of {{Mizar}}},
  volume    = {5674},
  year      = {2009}
}

@article{negriCutEliminationPresence1998,
  author  = {Negri, Sara and {von Plato}, Jan},
  doi     = {10.2307/420956},
  file    = {/home/sguillou/Zotero/storage/UFP2F7EG/Negri et von Plato - 1998 - Cut Elimination in the Presence of Axioms.pdf},
  issn    = {1079-8986, 1943-5894},
  journal = {Bulletin of Symbolic Logic},
  langid  = {english},
  month   = dec,
  number  = {4},
  pages   = {418--435},
  title   = {Cut {{Elimination}} in the {{Presence}} of {{Axioms}}},
  urldate = {2023-04-12},
  volume  = {4},
  year    = {1998}
}

@article{nelsonFastDecisionProcedures1980,
  author  = {Nelson, Greg and Oppen, Derek C.},
  doi     = {10.1145/322186.322198},
  issn    = {0004-5411},
  journal = {Journal of the ACM},
  month   = apr,
  number  = {2},
  pages   = {356--364},
  title   = {Fast {{Decision Procedures Based}} on {{Congruence Closure}}},
  urldate = {2021-07-08},
  volume  = {27},
  year    = {1980}
}

@inproceedings{nielsonPrinciplesProgramAnalysis1999,
  address   = {{Berlin, Heidelberg}},
  author    = {Nielson, Flemming and Nielson, Hanne Riis and Hankin, Chris},
  doi       = {10.1007/978-3-662-03811-6},
  file      = {/home/sguillou/Zotero/storage/WBULJFVT/Nielson et al. - 1999 - Principles of Program Analysis.pdf},
  isbn      = {978-3-642-08474-4 978-3-662-03811-6},
  langid    = {english},
  publisher = {{Springer Berlin Heidelberg}},
  title     = {Principles of {{Program Analysis}}},
  urldate   = {2023-09-07},
  year      = {1999}
}

@article{nieuwenhuisFastCongruenceClosure2007,
  author   = {Nieuwenhuis, Robert and Oliveras, Albert},
  doi      = {10.1016/j.ic.2006.08.009},
  file     = {/home/sguillou/Zotero/storage/TPZIP83Y/Nieuwenhuis et Oliveras - 2007 - Fast congruence closure and extensions.pdf;/home/sguillou/Zotero/storage/3U432IXW/S0890540106001581.html},
  issn     = {0890-5401},
  journal  = {Information and Computation},
  keywords = {Congruence closure,Decision procedures,Equational reasoning,Verification},
  langid   = {english},
  month    = apr,
  number   = {4},
  pages    = {557--580},
  series   = {Special {{Issue}}: 16th {{International Conference}} on {{Rewriting Techniques}} and {{Applications}}},
  title    = {Fast Congruence Closure and Extensions},
  urldate  = {2021-07-06},
  volume   = {205},
  year     = {2007}
}

@article{noelExperimentingIsabelleZF1993,
  author  = {Noel, P. A. J.},
  doi     = {10.1007/BF00881863},
  file    = {/home/sguillou/Zotero/storage/8LVVXKPA/Noel - 1993 - Experimenting with Isabelle in ZF set theory.pdf},
  issn    = {0168-7433, 1573-0670},
  journal = {Journal of Automated Reasoning},
  langid  = {english},
  number  = {1},
  pages   = {15--58},
  title   = {Experimenting with {{Isabelle}} in {{ZF}} Set Theory},
  urldate = {2021-06-22},
  volume  = {10},
  year    = {1993}
}

@book{oderskyFoundationsImplicitFunction2017,
  editor = {Odersky, Martin and Biboudis, Aggelos and Liu, Fengyun and Blanvillain, Olivier},
  title  = {Foundations of {{Implicit Function Types}}},
  year   = {2017}
}

@article{onerShefferStrokeOperation2017,
  author    = {Oner, Tahsin and Senturk, Ibrahim},
  doi       = {10.1515/math-2017-0075},
  file      = {/home/sguillou/Zotero/storage/K7BHLYT4/Oner and Senturk - 2017 - The Sheffer stroke operation reducts of basic alge.pdf},
  issn      = {2391-5455},
  journal   = {Open Mathematics},
  keywords  = {Basic algebras,Lattice with antitone involutions,Sheffer stroke reduct},
  langid    = {english},
  month     = jan,
  number    = {1},
  pages     = {926--935},
  publisher = {{De Gruyter Open Access}},
  title     = {The {{Sheffer}} Stroke Operation Reducts of Basic Algebras},
  urldate   = {2022-05-19},
  volume    = {15},
  year      = {2017}
}

@misc{OrthologicQuantumLogic,
  file         = {/home/sguillou/Zotero/storage/V5FW2N4I/347476.html},
  howpublished = {https://dl.acm.org/doi/10.1145/347476.347481},
  title        = {Orthologic and Quantum Logic: Models and Computational Elements: {{Journal}} of the {{ACM}}: {{Vol}} 47, {{No}} 4},
  urldate      = {2023-06-23}
}

@article{paulin-mohringIntroductionCalculusInductive,
  author   = {{Paulin-Mohring}, Christine},
  file     = {/home/sguillou/Zotero/storage/8HYTAD2T/Paulin-Mohring - Introduction to the Calculus of Inductive Construc.pdf},
  keywords = {Print,Read},
  langid   = {english},
  pages    = {14},
  title    = {Introduction to the {{Calculus}} of {{Inductive Constructions}}}
}

@article{paulsonFoundationGenericTheorem1989,
  author  = {Paulson, Lawrence C.},
  doi     = {10.1007/BF00248324},
  file    = {/home/sguillou/Zotero/storage/7CATU6YQ/Paulson - 1989 - The foundation of a generic theorem prover.pdf},
  issn    = {0168-7433, 1573-0670},
  journal = {Journal of Automated Reasoning},
  langid  = {english},
  month   = sep,
  number  = {3},
  pages   = {363--397},
  title   = {The Foundation of a Generic Theorem Prover},
  urldate = {2021-06-22},
  volume  = {5},
  year    = {1989}
}

@article{paulsonGenericTableauProver,
  author = {Paulson, Lawrence C},
  file   = {/home/sguillou/Zotero/storage/2YW536JF/Paulson - A Generic Tableau Prover and its Integration with .pdf},
  langid = {english},
  pages  = {16},
  title  = {A {{Generic Tableau Prover}} and Its {{Integration}} with {{Isabelle}}}
}

@article{paulsonGenericTableauProvera,
  author = {Paulson, Lawrence C},
  file   = {/home/sguillou/Zotero/storage/QHLYBIFS/Paulson - A Generic Tableau Prover and its Integration with .pdf},
  langid = {english},
  pages  = {16},
  title  = {A {{Generic Tableau Prover}} and Its {{Integration}} with {{Isabelle}}}
}

@article{paulsonGenericTableauProverb,
  author = {Paulson, Lawrence C},
  file   = {/home/sguillou/Zotero/storage/BE3WYU83/Paulson - A Generic Tableau Prover and its Integration with .pdf},
  langid = {english},
  title  = {A {{Generic Tableau Prover}} and Its {{Integration}} with {{Isabelle}}}
}

@article{paulsonIsabelleNext7001993,
  author     = {Paulson, Lawrence C.},
  journal    = {CoRR},
  shorttitle = {Isabelle},
  title      = {Isabelle: {{The Next}} 700 {{Theorem Provers}}},
  urldate    = {2023-02-16},
  volume     = {cs.LO/9301106},
  year       = {1993}
}

@article{paulsonMechanizingSetTheory1996,
  author     = {Paulson, {\relax LawrenceC}. and Grabczewski, Krzysztof},
  doi        = {10.1007/BF00283132},
  file       = {/home/sguillou/Zotero/storage/SPE72WIA/Paulson et Grabczewski - 1996 - Mechanizing set theory Cardinal arithmetic and th.pdf},
  issn       = {0168-7433, 1573-0670},
  journal    = {Journal of Automated Reasoning},
  keywords   = {Print,Read},
  langid     = {english},
  month      = dec,
  number     = {3},
  shorttitle = {Mechanizing Set Theory},
  title      = {Mechanizing Set Theory: {{Cardinal}} Arithmetic and the {{Axiom}} of {{Choice}}},
  urldate    = {2021-05-11},
  volume     = {17},
  year       = {1996}
}

@article{pfenningInductivelyNedTypes,
  author = {Pfenning, Frank and {Paulin-Mohring}, Christine},
  file   = {/home/sguillou/Zotero/storage/ZREBQ9A8/Pfenning et Paulin-Mohring - Inductively Dened Types in the Calculus of Constr.pdf},
  langid = {english},
  pages  = {20},
  title  = {Inductively {{De}} Ned {{Types}} in the {{Calculus}} of {{Constructions}}}
}

@article{piskacDecidingEffectivelyPropositional2010,
  author   = {Piskac, Ruzica and {de Moura}, Leonardo and Bj{\o}rner, Nikolaj},
  doi      = {10.1007/s10817-009-9161-6},
  issn     = {1573-0670},
  journal  = {Journal of Automated Reasoning},
  keywords = {BDDs,DPLL,Effectively propositional logic,SAT},
  langid   = {english},
  month    = apr,
  number   = {4},
  pages    = {401--424},
  title    = {Deciding {{Effectively Propositional Logic Using DPLL}} and {{Substitution Sets}}},
  urldate  = {2023-06-27},
  volume   = {44},
  year     = {2010}
}

@inproceedings{piskacLinearArithmeticStars2008,
  address   = {{Berlin, Heidelberg}},
  author    = {Piskac, Ruzica and Kuncak, Viktor},
  booktitle = {Computer {{Aided Verification}}},
  doi       = {10.1007/978-3-540-70545-1_25},
  editor    = {Gupta, Aarti and Malik, Sharad},
  file      = {/home/sguillou/Zotero/storage/M78U2AQX/Piskac and Kuncak - 2008 - Linear Arithmetic with Stars.pdf},
  isbn      = {978-3-540-70545-1},
  keywords  = {Atomic Formula,Decision Procedure,Integer Vector,Regular Expression,Star Operator},
  langid    = {english},
  pages     = {268--280},
  publisher = {{Springer}},
  series    = {Lecture {{Notes}} in {{Computer Science}}},
  title     = {Linear {{Arithmetic}} with {{Stars}}},
  year      = {2008}
}

@article{pretolaniHierarchiesPolynomiallySolvable1996,
  author  = {Pretolani, Daniele},
  doi     = {10.1007/BF02127974},
  file    = {/home/sguillou/Zotero/storage/QE8RGP9I/Pretolani - 1996 - Hierarchies of polynomially solvable satisfiabilit.pdf},
  issn    = {1012-2443, 1573-7470},
  journal = {Annals of Mathematics and Artificial Intelligence},
  langid  = {english},
  month   = sep,
  number  = {2},
  pages   = {339--357},
  title   = {Hierarchies of Polynomially Solvable Satisfiability Problems},
  urldate = {2023-06-10},
  volume  = {17},
  year    = {1996}
}

@misc{Publications,
  file         = {/home/sguillou/Zotero/storage/YD5X6Q6C/publications.html},
  howpublished = {https://cvc4.github.io/publications.html},
  journal      = {CVC4},
  langid       = {american},
  title        = {Publications},
  urldate      = {2021-09-29}
}

@incollection{pudlakLengthsProofs1998,
  author    = {Pudl{\'a}k, Pavel},
  booktitle = {Studies in {{Logic}} and the {{Foundations}} of {{Mathematics}}},
  doi       = {10.1016/S0049-237X(98)80023-2},
  file      = {/home/sguillou/Zotero/storage/F835D42D/ProofLengthPudlak-1.pdf},
  isbn      = {978-0-444-89840-1},
  langid    = {english},
  pages     = {547--637},
  publisher = {{Elsevier}},
  title     = {The {{Lengths}} of {{Proofs}}},
  urldate   = {2021-02-22},
  volume    = {137},
  year      = {1998}
}

@article{ramseyProblemFormalLogic1930,
  author    = {Ramsey, F. P.},
  copyright = {\textcopyright{} 1930 London Mathematical Society},
  doi       = {10.1112/plms/s2-30.1.264},
  file      = {/home/sguillou/Zotero/storage/HD35THNG/s2-30.1.html},
  issn      = {1460-244X},
  journal   = {Proceedings of the London Mathematical Society},
  langid    = {english},
  number    = {1},
  pages     = {264--286},
  title     = {On a {{Problem}} of {{Formal Logic}}},
  urldate   = {2023-06-27},
  volume    = {s2-30},
  year      = {1930}
}

@article{rawlingOrthologicQuantumLogic2000,
  author     = {Rawling, J. P. and Selesnick, S. A.},
  doi        = {10.1145/347476.347481},
  file       = {/home/sguillou/Zotero/storage/FTQ5ZZEW/Rawling and Selesnick - 2000 - Orthologic and quantum logic models and computati.pdf},
  issn       = {0004-5411},
  journal    = {Journal of the ACM},
  keywords   = {Hilbert spaces,quantum computing,quantum logic,quantum physics},
  month      = jul,
  number     = {4},
  pages      = {721--751},
  shorttitle = {Orthologic and Quantum Logic},
  title      = {Orthologic and Quantum Logic: Models and Computational Elements},
  urldate    = {2023-06-23},
  volume     = {47},
  year       = {2000}
}

@article{reynoldsPolymorphismNotSettheoretic,
  author = {Reynolds, John},
  file   = {/home/sguillou/Zotero/storage/VBRVBSUR/Reynolds - Polymorphism is not set-theoretic.pdf},
  pages  = {16},
  title  = {Polymorphism Is Not Set-Theoretic}
}

@book{robinsonHandbookAutomatedReasoning2001,
  address   = {{MIT}},
  editor    = {Robinson, John Alan and Voronkov, Andrei},
  file      = {/home/sguillou/Zotero/storage/C5JQWH5P/Robinson A., Voronkov A. (eds.) - Handbook of automated reasoning, vol.2-Elsevier (2001).pdf;/home/sguillou/Zotero/storage/CDZ8RB6Y/Robinson A., Voronkov A. (eds.) - Handbook of automated reasoning Vol. 1 [...]-Amsterdam [u.a] Elsevier [u.a.] (2001).pdf},
  isbn      = {978-0-444-50813-3},
  publisher = {{Elsevier and MIT Press}},
  title     = {Handbook of {{Automated Reasoning}} (in 2 Volumes)},
  urldate   = {2023-04-01},
  year      = {2001}
}

@book{rubinEquivalentsAxiomChoice1963,
  author = {Rubin, Herman and Rubin, Jean E.},
  month  = jan,
  title  = {Equivalents of the {{Axiom}} of {{Choice}}},
  year   = {1963}
}

@incollection{rubioPrecedencebasedTotalACcompatible1993,
  address   = {{Berlin, Heidelberg}},
  author    = {Rubio, Albert and Nieuwenhuis, Robert},
  booktitle = {Rewriting {{Techniques}} and {{Applications}}},
  doi       = {10.1007/3-540-56868-9_28},
  editor    = {Goos, G. and Hartmanis, J. and Kirchner, Claude},
  file      = {/home/sguillou/Zotero/storage/6C7FC5DZ/Rubio et Nieuwenhuis - 1993 - A precedence-based total AC-compatible ordering.pdf},
  isbn      = {978-3-540-56868-1},
  langid    = {english},
  pages     = {374--388},
  publisher = {{Springer Berlin Heidelberg}},
  title     = {A Precedence-Based Total {{AC-compatible}} Ordering},
  urldate   = {2021-05-06},
  volume    = {690},
  year      = {1993}
}

@article{schinzTailCallElimination2001,
  author  = {Schinz, Michel and Odersky, Martin},
  doi     = {10.1016/S1571-0661(05)80459-1},
  file    = {/home/sguillou/Zotero/storage/7URK6P2G/Schinz et Odersky - 2001 - Tail Call Elimination on the Java Virtual Machine.pdf},
  journal = {Electronic Notes in Theoretical Computer Science},
  month   = nov,
  pages   = {158--171},
  title   = {Tail {{Call Elimination}} on the {{Java Virtual Machine}}},
  volume  = {59},
  year    = {2001}
}

@article{schuetteInterpolationssatzIntuitionistischenPraedikatenlogik1962,
  author  = {Sch{\"u}tte, Kurt},
  doi     = {10.1007/BF01470747},
  file    = {/home/sguillou/Zotero/storage/665TJ4DD/Sch√ºtte - 1962 - Der Interpolationssatz der intuitionistischen Pr√§d.pdf},
  issn    = {1432-1807},
  journal = {Mathematische Annalen},
  langid  = {ngerman},
  month   = jun,
  number  = {3},
  pages   = {192--200},
  title   = {{Der Interpolationssatz der intuitionistischen Pr\"adikatenlogik}},
  urldate = {2023-09-05},
  volume  = {148},
  year    = {1962}
}

@article{schultemontingCutEliminationWord1981,
  author  = {Schulte M{\"o}nting, J{\"u}rgen},
  doi     = {10.1007/BF02483891},
  file    = {/home/sguillou/Zotero/storage/9NKZNRB4/Schulte M√∂nting - 1981 - Cut elimination and word problems for varieties of.pdf},
  issn    = {0002-5240, 1420-8911},
  journal = {Algebra Universalis},
  langid  = {english},
  month   = dec,
  number  = {1},
  pages   = {290--321},
  title   = {Cut Elimination and Word Problems for Varieties of Lattices},
  urldate = {2023-06-12},
  volume  = {12},
  year    = {1981}
}

@inproceedings{schulzSystemDescription2013,
  address    = {{Berlin, Heidelberg}},
  author     = {Schulz, Stephan},
  booktitle  = {Logic for {{Programming}}, {{Artificial Intelligence}}, and {{Reasoning}}},
  doi        = {10.1007/978-3-642-45221-5_49},
  editor     = {McMillan, Ken and Middeldorp, Aart and Voronkov, Andrei},
  file       = {/home/sguillou/Zotero/storage/CMKX2ZKT/Schulz - 2013 - System Description E¬†1.8.pdf},
  isbn       = {978-3-642-45221-5},
  keywords   = {Answer Substitution,Empty Clause,Inference Rule,Proof Object,Proof Tree},
  langid     = {english},
  pages      = {735--743},
  publisher  = {{Springer}},
  series     = {Lecture {{Notes}} in {{Computer Science}}},
  shorttitle = {System {{Description}}},
  title      = {System {{Description}}: {{E}}~1.8},
  year       = {2013}
}

@inproceedings{schurrReliableReconstructionFinegrained2021,
  address   = {{Cham}},
  author    = {Schurr, Hans-J{\"o}rg and Fleury, Mathias and Desharnais, Martin},
  booktitle = {Automated {{Deduction}} \textendash{} {{CADE}} 28},
  doi       = {10.1007/978-3-030-79876-5_26},
  editor    = {Platzer, Andr{\'e} and Sutcliffe, Geoff},
  file      = {/home/sguillou/Zotero/storage/YI3QTC29/Schurr et al. - 2021 - Reliable Reconstruction of Fine-grained Proofs in .pdf},
  isbn      = {978-3-030-79876-5},
  keywords  = {automatic theorem provers,proof assistants,proof verification},
  langid    = {english},
  pages     = {450--467},
  publisher = {{Springer International Publishing}},
  series    = {Lecture {{Notes}} in {{Computer Science}}},
  title     = {Reliable {{Reconstruction}} of {{Fine-grained Proofs}} in a {{Proof Assistant}}},
  year      = {2021}
}

@book{SetTheory2003,
  address   = {{Berlin, Heidelberg}},
  doi       = {10.1007/3-540-44761-X},
  file      = {/home/sguillou/Zotero/storage/V78S4MTI/2003 - Set Theory.pdf},
  isbn      = {978-3-540-44085-7},
  keywords  = {algebra,arithmetic,axiom of choice,Boolean algebra,Cardinal number,cardinals,field,forcing,Mengenlehre,set theory,ultrapower,YellowSale2006},
  langid    = {english},
  publisher = {{Springer}},
  series    = {Springer {{Monographs}} in {{Mathematics}}},
  title     = {Set {{Theory}}},
  urldate   = {2023-05-04},
  year      = {2003}
}

@book{SetTheoryIntroduction,
  file       = {/home/sguillou/Zotero/storage/PNP73XA2/9780817642563.html},
  langid     = {english},
  shorttitle = {Set {{Theory}}},
  title      = {Set {{Theory}}: {{An Introduction}}},
  urldate    = {2022-05-10}
}

@misc{sheeranTutorialStalmarckProof1998,
  author = {Sheeran, Mary and Stalmarck, Gunnar},
  file   = {/home/sguillou/Zotero/storage/KSSHCHYH/Sheeran et al. - 1998 - A tutorial on St√•lmarck's proof procedure for prop.pdf;/home/sguillou/Zotero/storage/6B8P5VDQ/summary.html},
  title  = {A Tutorial on {{St\aa lmarck}}'s Proof Procedure for Propositional Logic},
  year   = {1998}
}

@article{sherifDecisionProblemOrthomodular1997,
  author  = {Sherif, M.A.E.H.},
  doi     = {10.1007/PL00000328},
  file    = {/home/sguillou/Zotero/storage/PI3PRMLU/Sherif - 1997 - Decision problem for orthomodular lattices.pdf},
  issn    = {0002-5240},
  journal = {Algebra Universalis},
  langid  = {english},
  month   = jan,
  number  = {1},
  pages   = {70--76},
  title   = {Decision Problem for Orthomodular Lattices},
  urldate = {2022-08-02},
  volume  = {37},
  year    = {1997}
}

@article{shulmanSetTheoryCategory2008,
  archiveprefix = {arxiv},
  author        = {Shulman, Michael A.},
  eprint        = {0810.1279},
  file          = {/home/sguillou/Zotero/storage/9UB7CGAP/Shulman - 2008 - Set theory for category theory.pdf},
  journal       = {arXiv:0810.1279 [math]},
  keywords      = {Mathematics - Category Theory,Mathematics - Logic},
  langid        = {english},
  month         = oct,
  primaryclass  = {math},
  title         = {Set Theory for Category Theory},
  urldate       = {2021-06-23},
  year          = {2008}
}

@article{silesInvestigationTypingEquality,
  author   = {Siles, Vincent},
  file     = {/home/sguillou/Zotero/storage/A7F6SMQJ/Siles - Investigation on the typing of equality in type sy.pdf},
  keywords = {Print,Read},
  langid   = {english},
  pages    = {131},
  title    = {Investigation on the Typing of Equality in Type Systems}
}

@article{silesPureTypeSystem2011,
  author = {Siles, Vincent and Herbelin, Hugo},
  file   = {/home/sguillou/Zotero/storage/W33BJ92X/Siles and Herbelin - 2011 - Pure Type System conversion is always typable.pdf},
  langid = {english},
  pages  = {28},
  title  = {Pure {{Type System}} Conversion Is Always Typable},
  year   = {2011}
}

@inproceedings{slindBriefOverviewHOL42008,
  author = {Slind, Konrad and Norrish, Michael},
  doi    = {10.1007/978-3-540-71067-7_6},
  file   = {/home/sguillou/Zotero/storage/CTN5KQJG/Slind et Norrish - 2008 - A Brief Overview of HOL4.pdf},
  isbn   = {978-3-540-71065-3},
  month  = aug,
  pages  = {28--32},
  title  = {A {{Brief Overview}} of {{HOL4}}},
  year   = {2008}
}

@article{songExpansionPostponementPure1997,
  author  = {Song, Fangmin},
  doi     = {10.1007/BF02947207},
  file    = {/home/sguillou/Zotero/storage/6HDPF3YG/Song - 1997 - The expansion postponement in Pure Type Systems.pdf},
  issn    = {1860-4749},
  journal = {Journal of Computer Science and Technology},
  langid  = {english},
  month   = nov,
  number  = {6},
  pages   = {555--563},
  title   = {The Expansion Postponement in {{Pure Type Systems}}},
  urldate = {2020-10-19},
  volume  = {12},
  year    = {1997}
}

@article{sorensenLecturesCurryHowardIsomorphism2010,
  author   = {S{\o}rensen, Morten and Urzyczyn, Pawe{\l}},
  doi      = {10.1016/S0049-237X(06)80005-4},
  file     = {/home/sguillou/Zotero/storage/QCZLVT2Y/curry-howard.pdf},
  journal  = {Studies in Logic and the Foundations of Mathematics},
  keywords = {Print,Read},
  month    = oct,
  title    = {Lectures on the {{Curry-Howard Isomorphism}}},
  volume   = {149},
  year     = {2010}
}

@article{spiveyNotationReferenceManual,
  author = {Spivey, J M},
  file   = {/home/sguillou/Zotero/storage/FUUZRIV7/Spivey - Programming Research Group University of Oxford.pdf},
  langid = {english},
  pages  = {168},
  title  = {The {{Z Notation}}: {{A Reference Manual}}}
}

@misc{steenHigherOrderProverLeoIII2018,
  archiveprefix = {arxiv},
  author        = {Steen, Alexander and Benzm{\"u}ller, Christoph},
  doi           = {10.48550/arXiv.1802.02732},
  eprint        = {1802.02732},
  file          = {/home/sguillou/Zotero/storage/MK2KSZKE/Steen and Benzm√ºller - 2018 - The Higher-Order Prover Leo-III (Extended Version).pdf;/home/sguillou/Zotero/storage/DLRXKXPE/1802.html},
  keywords      = {{03B35, 03B15, 03B45, 68T15, 68T27, 68T30:, 03Bxx},Computer Science - Artificial Intelligence,Computer Science - Logic in Computer Science,F.4.1,I.2.3,I.2.4,Mathematics - Logic},
  month         = apr,
  number        = {arXiv:1802.02732},
  primaryclass  = {cs, math},
  publisher     = {{arXiv}},
  title         = {The {{Higher-Order Prover Leo-III}} ({{Extended Version}})},
  urldate       = {2023-05-04},
  year          = {2018}
}

@misc{steenLeoIII2022,
  author       = {Steen, Alexander},
  doi          = {10.5281/zenodo.7650205},
  file         = {/home/sguillou/Zotero/storage/65MYUY2S/7650205.html},
  howpublished = {Zenodo},
  keywords     = {artificial intelligence,automated deduction,automated reasoning,automated theorem prover,computational logic,higher-order logic,logic,reasoning,scala,theorem proving,TPTP},
  month        = jul,
  title        = {Leo-{{III}} 1.7},
  urldate      = {2023-02-19},
  year         = {2022}
}

@book{stefanovaSimpleModelConstruction1995,
  author   = {Stefanova, Milena and Geuvers, Herman},
  doi      = {10.1007/3-540-61780-9_74},
  file     = {/home/sguillou/Zotero/storage/D2RI2YND/Stefanova and Geuvers - 1995 - A Simple Model Construction for the Calculus of Co.pdf},
  isbn     = {978-3-540-61780-8},
  keywords = {Read},
  month    = jan,
  pages    = {264},
  title    = {A {{Simple Model Construction}} for the {{Calculus}} of {{Constructions}}.},
  year     = {1995}
}

@inproceedings{steindorferOptimizingHasharrayMapped2015,
  address   = {{Pittsburgh PA USA}},
  author    = {Steindorfer, Michael J. and Vinju, Jurgen J.},
  booktitle = {Proceedings of the 2015 {{ACM SIGPLAN International Conference}} on {{Object-Oriented Programming}}, {{Systems}}, {{Languages}}, and {{Applications}}},
  doi       = {10.1145/2814270.2814312},
  file      = {/home/sguillou/Zotero/storage/5WEHWNLQ/Steindorfer et Vinju - 2015 - Optimizing hash-array mapped tries for fast and le.pdf},
  isbn      = {978-1-4503-3689-5},
  langid    = {english},
  month     = oct,
  pages     = {783--800},
  publisher = {{ACM}},
  title     = {Optimizing Hash-Array Mapped Tries for Fast and Lean Immutable {{JVM}} Collections},
  urldate   = {2021-06-08},
  year      = {2015}
}

@article{sutcliffePracticeClausificationAutomatic,
  author = {Sutcliffe, Geoff and Melville, Stuart},
  file   = {/home/sguillou/Zotero/storage/MI4LSCBT/Sutcliffe and Melville - The Practice of Clausification in Automatic Theore.pdf},
  langid = {english},
  pages  = {21},
  title  = {The {{Practice}} of {{Clausification}} in {{Automatic Theorem Proving}}}
}

@inproceedings{taitNormalDerivabilityClassical1968,
  address   = {{Berlin, Heidelberg}},
  author    = {Tait, W. W.},
  booktitle = {The {{Syntax}} and {{Semantics}} of {{Infinitary Languages}}},
  doi       = {10.1007/BFb0079691},
  editor    = {Barwise, Jon},
  file      = {/home/sguillou/Zotero/storage/2IRXTZFC/Tait - 1968 - Normal derivability in classical logic.pdf},
  isbn      = {978-3-540-35900-5},
  keywords  = {Axiom System,Normal Derivation,Peano Arithmetic,Predicate Variable,Propositional Logic},
  langid    = {english},
  pages     = {204--236},
  publisher = {{Springer}},
  series    = {Lecture {{Notes}} in {{Mathematics}}},
  title     = {Normal Derivability in Classical Logic},
  year      = {1968}
}

@incollection{thakurGeneralizationStalmarckMethod2012,
  address   = {{Berlin, Heidelberg}},
  author    = {Thakur, Aditya and Reps, Thomas},
  booktitle = {Static {{Analysis}}},
  doi       = {10.1007/978-3-642-33125-1_23},
  editor    = {Hutchison, David and Kanade, Takeo and Kittler, Josef and Kleinberg, Jon M. and Mattern, Friedemann and Mitchell, John C. and Naor, Moni and Nierstrasz, Oscar and Pandu Rangan, C. and Steffen, Bernhard and Sudan, Madhu and Terzopoulos, Demetri and Tygar, Doug and Vardi, Moshe Y. and Weikum, Gerhard and Min{\'e}, Antoine and Schmidt, David},
  file      = {/home/sguillou/Zotero/storage/RBK2JQDX/Thakur and Reps - 2012 - A Generalization of St√•lmarck‚Äôs Method.pdf},
  isbn      = {978-3-642-33124-4 978-3-642-33125-1},
  langid    = {english},
  pages     = {334--351},
  publisher = {{Springer Berlin Heidelberg}},
  title     = {A {{Generalization}} of {{St\aa lmarck}}'s {{Method}}},
  urldate   = {2022-09-28},
  volume    = {7460},
  year      = {2012}
}

@inproceedings{tiurynSubtypeInequalities1992,
  author    = {Tiuryn, J.},
  booktitle = {[1992] {{Proceedings}} of the {{Seventh Annual IEEE Symposium}} on {{Logic}} in {{Computer Science}}},
  doi       = {10.1109/LICS.1992.185543},
  file      = {/home/sguillou/Zotero/storage/CBF665SL/Tiuryn - 1992 - Subtype inequalities.pdf;/home/sguillou/Zotero/storage/HRBCMGV2/185543.html},
  keywords  = {Calculus,Informatics,Lattices,Needed,Polynomials,Upper bound},
  month     = jun,
  pages     = {308--315},
  title     = {Subtype Inequalities},
  year      = {1992}
}

@inproceedings{traytelFoundationalCompositionalCo2012,
  address    = {{Dubrovnik, Croatia}},
  author     = {Traytel, Dmitry and Popescu, Andrei and Blanchette, Jasmin C.},
  booktitle  = {2012 27th {{Annual IEEE Symposium}} on {{Logic}} in {{Computer Science}}},
  doi        = {10.1109/LICS.2012.75},
  file       = {/home/sguillou/Zotero/storage/BZ3ASFF4/Traytel et al. - 2012 - Foundational, Compositional (Co)datatypes for High.pdf},
  isbn       = {978-1-4673-2263-8 978-0-7695-4769-5},
  langid     = {english},
  month      = jun,
  pages      = {596--605},
  publisher  = {{IEEE}},
  shorttitle = {Foundational, {{Compositional}} ({{Co}})Datatypes for {{Higher-Order Logic}}},
  title      = {Foundational, {{Compositional}} ({{Co}})Datatypes for {{Higher-Order Logic}}: {{Category Theory Applied}} to {{Theorem Proving}}},
  urldate    = {2022-03-20},
  year       = {2012}
}

@incollection{tseitinComplexityDerivationPropositional1983,
  address   = {{Berlin, Heidelberg}},
  author    = {Tseitin, G. S.},
  booktitle = {Automation of {{Reasoning}}: 2: {{Classical Papers}} on {{Computational Logic}} 1967\textendash 1970},
  doi       = {10.1007/978-3-642-81955-1_28},
  editor    = {Siekmann, J{\"o}rg H. and Wrightson, Graham},
  isbn      = {978-3-642-81955-1},
  langid    = {english},
  pages     = {466--483},
  publisher = {{Springer}},
  series    = {Symbolic {{Computation}}},
  title     = {On the {{Complexity}} of {{Derivation}} in {{Propositional Calculus}}},
  urldate   = {2023-06-12},
  year      = {1983}
}

@book{ullmanPrinciplesDatabaseKnowledgeBase1988,
  address   = {{New Yor, United States}},
  author    = {Ullman, Jeffrey D.},
  isbn      = {978-0-7167-8069-4},
  publisher = {{Computer Science Press}},
  series    = {Principles of Computer Science Series},
  title     = {Principles of {{Database}} and {{Knowledge-Base Systems}}, {{Volume I}}},
  urldate   = {2023-07-11},
  volume    = {14},
  year      = {1988}
}

@book{ullmanPrinciplesDatabaseKnowledgeBase1989,
  address   = {{New Yor, United States}},
  author    = {Ullman, Jeffrey D.},
  isbn      = {978-0-7167-8162-2},
  publisher = {{Computer Science Press}},
  title     = {Principles of {{Database}} and {{Knowledge-Base Systems}}, {{Volume II}}},
  year      = {1989}
}

@unpublished{urbanIsabelleCookbook2013,
  author  = {Urban, Christian},
  file    = {/home/sguillou/Zotero/storage/M5JZA4IM/isabelle_programming.urban.pdf},
  month   = jul,
  title   = {The {{Isabelle Cookbook}}},
  urldate = {2023-02-18},
  year    = {2013}
}

@inproceedings{urzyczynInhabitationTypedLambdacalculi1997,
  address   = {{Berlin, Heidelberg}},
  author    = {Urzyczyn, Pawel},
  booktitle = {Typed {{Lambda Calculi}} and {{Applications}}},
  doi       = {10.1007/3-540-62688-3_47},
  editor    = {Goos, Gerhard and Hartmanis, Juris and Leeuwen, Jan and Groote, Philippe and Roger Hindley, J.},
  isbn      = {978-3-540-62688-6 978-3-540-68438-1},
  pages     = {373--389},
  publisher = {{Springer Berlin Heidelberg}},
  title     = {Inhabitation in Typed Lambda-Calculi (a Syntactic Approach)},
  urldate   = {2023-08-23},
  volume    = {1210},
  year      = {1997}
}

@book{vaughtSetTheoryIntroduction1985,
  author      = {Vaught, Robert L.},
  file        = {/home/sguillou/Zotero/storage/SWKPL9PC/Robert L. Vaught - Set Theory_ An Introduction, Second Edition (2001).djvu},
  googlebooks = {a4QZAQAAIAAJ},
  isbn        = {978-3-7643-3238-9},
  langid      = {english},
  publisher   = {{Birkh\"auser}},
  shorttitle  = {Set {{Theory}}},
  title       = {Set {{Theory}}: {{An Introduction}}},
  year        = {1985}
}

@incollection{vermaComplexityEquationalHorn2005,
  address   = {{Berlin, Heidelberg}},
  author    = {Verma, Kumar Neeraj and Seidl, Helmut and Schwentick, Thomas},
  booktitle = {Automated {{Deduction}} \textendash{} {{CADE-20}}},
  doi       = {10.1007/11532231_25},
  editor    = {Hutchison, David and Kanade, Takeo and Kittler, Josef and Kleinberg, Jon M. and Mattern, Friedemann and Mitchell, John C. and Naor, Moni and Nierstrasz, Oscar and Pandu Rangan, C. and Steffen, Bernhard and Sudan, Madhu and Terzopoulos, Demetri and Tygar, Dough and Vardi, Moshe Y. and Weikum, Gerhard and Nieuwenhuis, Robert},
  file      = {/home/sguillou/Zotero/storage/MKP6NGYE/Verma et al. - 2005 - On the Complexity of Equational Horn Clauses.pdf},
  isbn      = {978-3-540-28005-7 978-3-540-31864-4},
  langid    = {english},
  pages     = {337--352},
  publisher = {{Springer Berlin Heidelberg}},
  title     = {On the {{Complexity}} of {{Equational Horn Clauses}}},
  urldate   = {2022-07-27},
  volume    = {3632},
  year      = {2005}
}

@inproceedings{volkerHOL2PSystemClassical2007,
  address   = {{Berlin, Heidelberg}},
  author    = {V{\"o}lker, Norbert},
  booktitle = {Theorem {{Proving}} in {{Higher Order Logics}}},
  doi       = {10.1007/978-3-540-74591-4_25},
  editor    = {Schneider, Klaus and Brandt, Jens},
  file      = {/home/sguillou/Zotero/storage/H55FS4BD/V√∂lker - 2007 - HOL2P - A System of Classical Higher Order Logic w.pdf},
  isbn      = {978-3-540-74591-4},
  keywords  = {High Order Logic,Inference Rule,Natural Transformation,Type Inference,Type Variable},
  langid    = {english},
  pages     = {334--351},
  publisher = {{Springer}},
  series    = {Lecture {{Notes}} in {{Computer Science}}},
  title     = {{{HOL2P}} - {{A System}} of {{Classical Higher Order Logic}} with {{Second Order Polymorphism}}},
  year      = {2007}
}

@inproceedings{vukmirovicMakingHigherOrderSuperposition2021,
  address   = {{Cham}},
  author    = {Vukmirovi{\'c}, Petar and Bentkamp, Alexander and Blanchette, Jasmin and Cruanes, Simon and Nummelin, Visa and Tourret, Sophie},
  booktitle = {Automated {{Deduction}} \textendash{} {{CADE}} 28},
  doi       = {10.1007/978-3-030-79876-5_24},
  editor    = {Platzer, Andr{\'e} and Sutcliffe, Geoff},
  file      = {/home/sguillou/Zotero/storage/4LIDRPPL/Vukmiroviƒá et al. - 2021 - Making Higher-Order Superposition Work.pdf},
  isbn      = {978-3-030-79876-5},
  keywords  = {higher-order,superposition,theorem proving},
  langid    = {english},
  pages     = {415--432},
  publisher = {{Springer International Publishing}},
  series    = {Lecture {{Notes}} in {{Computer Science}}},
  title     = {Making {{Higher-Order Superposition Work}}},
  year      = {2021}
}

@article{wadlerHowMakeAdHoc1997,
  author  = {Wadler, Philip and Blott, Stephen},
  doi     = {10.1145/75277.75283},
  file    = {/home/sguillou/Zotero/storage/LSB36SN2/Wadler et Blott - 1997 - How to Make Ad-Hoc Polymorphism Less Ad Hoc.pdf},
  journal = {[No source information available]},
  month   = aug,
  title   = {How to {{Make Ad-Hoc Polymorphism Less Ad Hoc}}},
  year    = {1997}
}

@inproceedings{weidenbachSPASSVersion2009,
  address   = {{Berlin, Heidelberg}},
  author    = {Weidenbach, Christoph and Dimova, Dilyana and Fietzke, Arnaud and Kumar, Rohit and Suda, Martin and Wischnewski, Patrick},
  booktitle = {Automated {{Deduction}} \textendash{} {{CADE-22}}},
  doi       = {10.1007/978-3-642-02959-2_10},
  editor    = {Schmidt, Renate A.},
  file      = {/home/sguillou/Zotero/storage/XN8RCM5N/Weidenbach et al. - 2009 - SPASS Version 3.5.pdf},
  isbn      = {978-3-642-02959-2},
  keywords  = {Automate Theorem Prover,Empty Clause,Reduction Rule,Small Clause,Soft Typing},
  langid    = {english},
  pages     = {140--145},
  publisher = {{Springer}},
  series    = {Lecture {{Notes}} in {{Computer Science}}},
  title     = {{{SPASS Version}} 3.5},
  year      = {2009}
}

@inproceedings{wenzelIsabelleFramework2008,
  address   = {{Berlin, Heidelberg}},
  author    = {Wenzel, Makarius and Paulson, Lawrence C. and Nipkow, Tobias},
  booktitle = {Theorem {{Proving}} in {{Higher Order Logics}}},
  doi       = {10.1007/978-3-540-71067-7_7},
  editor    = {Mohamed, Otmane Ait and Mu{\~n}oz, C{\'e}sar and Tahar, Sofi{\`e}ne},
  file      = {/home/sguillou/Zotero/storage/5MESV7FU/Wenzel et al. - 2008 - The Isabelle Framework.pdf},
  isbn      = {978-3-540-71067-7},
  keywords  = {Automate Reasoning,High Order Logic,Natural Deduction,Prime Number Theorem,Structure Proof},
  langid    = {english},
  pages     = {33--38},
  publisher = {{Springer}},
  series    = {Lecture {{Notes}} in {{Computer Science}}},
  title     = {The {{Isabelle Framework}}},
  year      = {2008}
}

@incollection{wernerSetsTypesTypes1997,
  address   = {{Berlin, Heidelberg}},
  author    = {Werner, Benjamin},
  booktitle = {Theoretical {{Aspects}} of {{Computer Software}}},
  doi       = {10.1007/BFb0014566},
  editor    = {Goos, Gerhard and Hartmanis, Juris and {van Leeuwen}, Jan and Abadi, Mart{\'i}n and Ito, Takayasu},
  file      = {/home/sguillou/Zotero/storage/YR23DNHK/Werner - 1997 - Sets in types, types in sets.pdf},
  isbn      = {978-3-540-63388-4 978-3-540-69530-1},
  keywords  = {Print,Read},
  langid    = {english},
  pages     = {530--546},
  publisher = {{Springer Berlin Heidelberg}},
  title     = {Sets in Types, Types in Sets},
  urldate   = {2021-05-14},
  volume    = {1281},
  year      = {1997}
}

@article{whitmanFreeLattices1941a,
  author     = {Whitman, Philip M.},
  doi        = {10.2307/1969001},
  eprint     = {1969001},
  eprinttype = {jstor},
  file       = {/home/sguillou/Zotero/storage/ZM8YYR37/Whitman - 1941 - Free Lattices.pdf},
  issn       = {0003-486X},
  journal    = {Annals of Mathematics},
  number     = {1},
  pages      = {325--330},
  publisher  = {{Annals of Mathematics}},
  title      = {Free {{Lattices}}},
  urldate    = {2022-05-05},
  volume     = {42},
  year       = {1941}
}

@article{whitmanFreeLatticesII1942,
  author     = {Whitman, Philip M.},
  doi        = {10.2307/1968883},
  eprint     = {1968883},
  eprinttype = {jstor},
  file       = {/home/sguillou/Zotero/storage/4I39WNEF/Whitman - 1942 - Free Lattices II.pdf},
  issn       = {0003-486X},
  journal    = {Annals of Mathematics},
  number     = {1},
  pages      = {104--115},
  publisher  = {{Annals of Mathematics}},
  title      = {Free {{Lattices II}}},
  urldate    = {2023-03-14},
  volume     = {43},
  year       = {1942}
}

@inproceedings{wintersteigerConcurrentPortfolioApproach2009,
  address   = {{Berlin, Heidelberg}},
  author    = {Wintersteiger, Christoph M. and Hamadi, Youssef and Moura, Leonardo},
  booktitle = {Proceedings of the 21st {{International Conference}} on {{Computer Aided Verification}}},
  doi       = {10.1007/978-3-642-02658-4_60},
  isbn      = {978-3-642-02657-7},
  month     = jun,
  pages     = {715--720},
  publisher = {{Springer-Verlag}},
  series    = {{{CAV}} '09},
  title     = {A {{Concurrent Portfolio Approach}} to {{SMT Solving}}},
  urldate   = {2021-09-29},
  year      = {2009}
}

@article{wirthHilbertEpsilonOperator2008,
  author  = {Wirth, Claus-Peter},
  doi     = {10.1016/j.jal.2007.07.009},
  file    = {/home/sguillou/Zotero/storage/8GWJVHVF/Robert L. Vaught - Set Theory_ An Introduction, Second Edition (2001).djvu;/home/sguillou/Zotero/storage/E7NKBDAV/Wirth - 2008 - Hilbert's epsilon as an operator of indefinite com.pdf},
  issn    = {15708683},
  journal = {Journal of Applied Logic},
  langid  = {english},
  month   = sep,
  number  = {3},
  pages   = {287--317},
  title   = {Hilbert's Epsilon as an Operator of Indefinite Committed Choice},
  urldate = {2021-07-08},
  volume  = {6},
  year    = {2008}
}

@article{yamasakiSatisfiabiltyProblemClass1983,
  author  = {Yamasaki, Susumu and Doshita, Shuji},
  doi     = {10.1016/S0019-9958(83)80027-8},
  file    = {/home/sguillou/Zotero/storage/48VKE9BF/Yamasaki et Doshita - 1983 - The satisfiabilty problem for a class consisting o.pdf;/home/sguillou/Zotero/storage/QQR4HD4T/S0019995883800278.html},
  issn    = {0019-9958},
  journal = {Information and Control},
  langid  = {english},
  month   = jan,
  number  = {1},
  pages   = {1--12},
  title   = {The Satisfiabilty Problem for a Class Consisting of Horn Sentences and Some Non-Horn Sentences in Proportional Logic},
  urldate = {2023-06-13},
  volume  = {59},
  year    = {1983}
}

@incollection{yessenovCollectionsCardinalitiesRelations2010,
  address   = {{Berlin, Heidelberg}},
  author    = {Yessenov, Kuat and Piskac, Ruzica and Kuncak, Viktor},
  booktitle = {Verification, {{Model Checking}}, and {{Abstract Interpretation}}},
  doi       = {10.1007/978-3-642-11319-2_27},
  editor    = {Hutchison, David and Kanade, Takeo and Kittler, Josef and Kleinberg, Jon M. and Mattern, Friedemann and Mitchell, John C. and Naor, Moni and Nierstrasz, Oscar and Pandu Rangan, C. and Steffen, Bernhard and Sudan, Madhu and Terzopoulos, Demetri and Tygar, Doug and Vardi, Moshe Y. and Weikum, Gerhard and Barthe, Gilles and Hermenegildo, Manuel},
  file      = {/home/sguillou/Zotero/storage/QTX6AJYT/Yessenov et al. - 2010 - Collections, Cardinalities, and Relations.pdf},
  isbn      = {978-3-642-11318-5 978-3-642-11319-2},
  langid    = {english},
  pages     = {380--395},
  publisher = {{Springer Berlin Heidelberg}},
  title     = {Collections, {{Cardinalities}}, and {{Relations}}},
  urldate   = {2020-09-17},
  volume    = {5944},
  year      = {2010}
}

@incollection{zhanFormalizationFundamentalGroup2017,
  archiveprefix = {arxiv},
  author        = {Zhan, Bohua},
  doi           = {10.1007/978-3-319-66107-0_32},
  eprint        = {1707.04757},
  file          = {/home/sguillou/Zotero/storage/54Z695WF/Zhan - 2017 - Formalization of the fundamental group in untyped .pdf;/home/sguillou/Zotero/storage/AR8YYM3Z/1707.html},
  keywords      = {Computer Science - Logic in Computer Science},
  pages         = {514--530},
  primaryclass  = {cs},
  title         = {Formalization of the Fundamental Group in Untyped Set Theory Using Auto2},
  urldate       = {2023-05-16},
  volume        = {10499},
  year          = {2017}
}

@inproceedings{zhanFormalizationFundamentalGroup2017a,
  address   = {{Cham}},
  author    = {Zhan, Bohua},
  booktitle = {Interactive {{Theorem Proving}}},
  doi       = {10.1007/978-3-319-66107-0_32},
  editor    = {{Ayala-Rinc{\'o}n}, Mauricio and Mu{\~n}oz, C{\'e}sar A.},
  file      = {/home/sguillou/Zotero/storage/YJSGLYUK/Zhan - 2017 - Formalization of the Fundamental Group in Untyped .pdf},
  isbn      = {978-3-319-66107-0},
  langid    = {english},
  pages     = {514--530},
  publisher = {{Springer International Publishing}},
  series    = {Lecture {{Notes}} in {{Computer Science}}},
  title     = {Formalization of the {{Fundamental Group}} in {{Untyped Set Theory Using Auto2}}},
  year      = {2017}
}

@article{zhangBetterTogetherUnifying2023,
  author     = {Zhang, Yihong and Wang, Yisu Remy and Flatt, Oliver and Cao, David and Zucker, Philip and Rosenthal, Eli and Tatlock, Zachary and Willsey, Max},
  doi        = {10.1145/3591239},
  file       = {/home/sguillou/Zotero/storage/RUDPMWFN/Zhang et al. - 2023 - Better Together Unifying Datalog and Equality Sat.pdf},
  journal    = {Proceedings of the ACM on Programming Languages},
  keywords   = {Datalog,Equality saturation,Program optimization,Rewrite systems},
  month      = jun,
  number     = {PLDI},
  pages      = {125:468--125:492},
  shorttitle = {Better {{Together}}},
  title      = {Better {{Together}}: {{Unifying Datalog}} and {{Equality Saturation}}},
  urldate    = {2023-06-29},
  volume     = {7},
  year       = {2023}
}
